@article{wombat2016,
	author   = {Walther Wombat and Klaus Koala},
	title    = {The true meaning of 42},
	journal  = {Journal of modern skepticism},
	date     = {2016},
	keywords = {trusted},
}
@article{vizcaya_2018,
  title={Damage-responsive elements in Drosophila regeneration},
  author={Vizcaya-Molina, Elena and Klein, Cecilia C and Serras, Florenci and Mishra, Rakesh K and Guig{\'o}, Roderic and Corominas, Montserrat},
  journal={Genome research},
  volume={28},
  number={12},
  pages={1852--1866},
  year={2018},
  publisher={Cold Spring Harbor Lab}
}
@article{brown_2014,
  title={Diversity and dynamics of the Drosophila transcriptome},
  author={Brown, James B and Boley, Nathan and Eisman, Robert and May, Gemma E and Stoiber, Marcus H and Duff, Michael O and Booth, Ben W and Wen, Jiayu and Park, Soo and Suzuki, Ana Maria and others},
  journal={Nature},
  volume={512},
  number={7515},
  pages={393--399},
  year={2014},
  publisher={Nature Publishing Group}
}
@article{wucher_2017,
  title={FEELnc: a tool for long non-coding RNA annotation and its application to the dog transcriptome},
  author={Wucher, Valentin and Legeai, Fabrice and Hedan, Benoit and Rizk, Guillaume and Lagoutte, L{\ae}titia and Leeb, Tosso and Jagannathan, Vidhya and Cadieu, Edouard and David, Audrey and Lohi, Hannes and others},
  journal={Nucleic acids research},
  volume={45},
  number={8},
  pages={e57--e57},
  year={2017},
  publisher={Oxford University Press}
}
@article{mendel_versuche_1865,
	title = {Versuche über Pflanzenhybriden},
	volume = {{IV}},
	pages = {3--47},
	journaltitle = {Verhandlungen des naturforschenden Vereines in Brünn},
	author = {Mendel, Gregor},
	date = {1865}
}
@article{yu_2012,
  title={clusterProfiler: an R package for comparing biological themes among gene clusters},
  author={Yu, Guangchuang and Wang, Li-Gen and Han, Yanyan and He, Qing-Yu},
  journal={Omics: a journal of integrative biology},
  volume={16},
  number={5},
  pages={284--287},
  year={2012},
  publisher={Mary Ann Liebert, Inc. 140 Huguenot Street, 3rd Floor New Rochelle, NY 10801 USA}
}
@misc{carlson_2013,
  title={org. DM. eg. db: Genome Wide Annotation for Fly. R package version 3.2. 3},
  author={Carlson, M},
  year={2013}
}
@article{dobin_2013_star,
  title={STAR: ultrafast universal RNA-seq aligner},
  author={Dobin, Alexander and Davis, Carrie A and Schlesinger, Felix and Drenkow, Jorg and Zaleski, Chris and Jha, Sonali and Batut, Philippe and Chaisson, Mark and Gingeras, Thomas R},
  journal={Bioinformatics},
  volume={29},
  number={1},
  pages={15--21},
  year={2013},
  publisher={Oxford University Press}
}
@article{li_2011_rsem,
  title={RSEM: accurate transcript quantification from RNA-Seq data with or without a reference genome},
  author={Li, Bo and Dewey, Colin N},
  journal={BMC bioinformatics},
  volume={12},
  number={1},
  pages={1--16},
  year={2011},
  publisher={Springer}
}
@article{garcia_2012_qualimap,
  title={Qualimap: evaluating next-generation sequencing alignment data},
  author={Garc{\'\i}a-Alcalde, Fernando and Okonechnikov, Konstantin and Carbonell, Jos{\'e} and Cruz, Luis M and G{\"o}tz, Stefan and Tarazona, Sonia and Dopazo, Joaqu{\'\i}n and Meyer, Thomas F and Conesa, Ana},
  journal={Bioinformatics},
  volume={28},
  number={20},
  pages={2678--2679},
  year={2012},
  publisher={Oxford University Press}
}
@article{langfelder_wgcna,
  title={WGCNA: an R package for weighted correlation network analysis},
  author={Langfelder, Peter and Horvath, Steve},
  journal={BMC bioinformatics},
  volume={9},
  number={1},
  pages={1--13},
  year={2008},
  publisher={BioMed Central}
}
@article{wang_2013_cpat,
  title={CPAT: Coding-Potential Assessment Tool using an alignment-free logistic regression model},
  author={Wang, Liguo and Park, Hyun Jung and Dasari, Surendra and Wang, Shengqin and Kocher, Jean-Pierre and Li, Wei},
  journal={Nucleic acids research},
  volume={41},
  number={6},
  pages={e74--e74},
  year={2013},
  publisher={Oxford University Press}
}
@article{quinlan_2010_bedtools,
  title={BEDTools: a flexible suite of utilities for comparing genomic features},
  author={Quinlan, Aaron R and Hall, Ira M},
  journal={Bioinformatics},
  volume={26},
  number={6},
  pages={841--842},
  year={2010},
  publisher={Oxford University Press}
}
@article{love_2014_deseq2,
  title={Moderated estimation of fold change and dispersion for RNA-seq data with DESeq2},
  author={Love, Michael I and Huber, Wolfgang and Anders, Simon},
  journal={Genome biology},
  volume={15},
  number={12},
  pages={1--21},
  year={2014},
  publisher={BioMed Central}
}
@article{pohl_bwtool,
  title={bwtool: a tool for bigWig files},
  author={Pohl, Andy and Beato, Miguel},
  journal={Bioinformatics},
  volume={30},
  number={11},
  pages={1618--1619},
  year={2014},
  publisher={Oxford University Press}
}
@article{hubisz_2011_phast,
  title={PHAST and RPHAST: phylogenetic analysis with space/time models},
  author={Hubisz, Melissa J and Pollard, Katherine S and Siepel, Adam},
  journal={Briefings in bioinformatics},
  volume={12},
  number={1},
  pages={41--51},
  year={2011},
  publisher={Oxford University Press}
}
@article{tyner_2017_ucsc,
  title={The UCSC genome browser database: 2017 update},
  author={Tyner, Cath and Barber, Galt P and Casper, Jonathan and Clawson, Hiram and Diekhans, Mark and Eisenhart, Christopher and Fischer, Clayton M and Gibson, David and Gonzalez, Jairo Navarro and Guruvadoo, Luvina and others},
  journal={Nucleic acids research},
  volume={45},
  number={D1},
  pages={D626--D634},
  year={2017},
  publisher={Oxford University Press}
}
@article{cock_2009,
  title={Biopython: freely available Python tools for computational molecular biology and bioinformatics},
  author={Cock, Peter JA and Antao, Tiago and Chang, Jeffrey T and Chapman, Brad A and Cox, Cymon J and Dalke, Andrew and Friedberg, Iddo and Hamelryck, Thomas and Kauff, Frank and Wilczynski, Bartek and others},
  journal={Bioinformatics},
  volume={25},
  number={11},
  pages={1422--1423},
  year={2009},
  publisher={Oxford University Press}
}
@article{perez_blister,
  title={bsAS, an antisense long non-coding RNA, essential for correct wing development through regulation of blistered/DSRF isoform usage},
  author={P{\'e}rez-Lluch, S{\'\i}lvia and Klein, Cecilia C and Breschi, Alessandra and Ruiz-Romero, Marina and Abad, Amaya and Palumbo, Emilio and Bekish, Lyazzat and Arnan, Carme and Guig{\'o}, Roderic},
  journal={PLoS genetics},
  volume={16},
  number={12},
  pages={e1009245},
  year={2020},
  publisher={Public Library of Science San Francisco, CA USA}
}
@article{paolo_nextflow,
  title={Nextflow enables reproducible computational workflows},
  author={Di Tommaso, Paolo and Chatzou, Maria and Floden, Evan W and Barja, Pablo Prieto and Palumbo, Emilio and Notredame, Cedric},
  journal={Nature biotechnology},
  volume={35},
  number={4},
  pages={316--319},
  year={2017},
  publisher={Nature Publishing Group}
}
@article{liu_2017_crispri,
  title={CRISPRi-based genome-scale identification of functional long noncoding RNA loci in human cells},
  author={Liu, S John and Horlbeck, Max A and Cho, Seung Woo and Birk, Harjus S and Malatesta, Martina and He, Daniel and Attenello, Frank J and Villalta, Jacqueline E and Cho, Min Y and Chen, Yuwen and others},
  journal={Science},
  volume={355},
  number={6320},
  year={2017},
  publisher={American Association for the Advancement of Science}
}
@article{encode_2004,
  title={The ENCODE (ENCyclopedia of DNA elements) project},
  author={ENCODE Project Consortium and others},
  journal={Science},
  volume={306},
  number={5696},
  pages={636--640},
  year={2004},
  publisher={American Association for the Advancement of Science}
}
@article{encode_2011_user,
  title={A user's guide to the encyclopedia of DNA elements (ENCODE)},
  author={ENCODE Project Consortium},
  journal={PLoS biology},
  volume={9},
  number={4},
  pages={e1001046},
  year={2011},
  publisher={Public Library of Science San Francisco, USA}
}
@article{dao_2017,
  title={Genome-wide characterization of mammalian promoters with distal enhancer functions},
  author={Dao, Lan TM and Galindo-Albarr{\'a}n, Ariel O and Castro-Mondragon, Jaime A and Andrieu-Soler, Charlotte and Medina-Rivera, Alejandra and Souaid, Charbel and Charbonnier, Guillaume and Griffon, Aur{\'e}lien and Vanhille, Laurent and Stephen, Tharshana and others},
  journal={Nature genetics},
  volume={49},
  number={7},
  pages={1073--1081},
  year={2017},
  publisher={Nature Publishing Group}
}
@inproceedings{chen_2016_xgboost,
  title={Xgboost: A scalable tree boosting system},
  author={Chen, Tianqi and Guestrin, Carlos},
  booktitle={Proceedings of the 22nd acm sigkdd international conference on knowledge discovery and data mining},
  pages={785--794},
  year={2016}
}
@article{pedregosa_2011_scikit,
  title={Scikit-learn: Machine learning in Python},
  author={Pedregosa, Fabian and Varoquaux, Ga{\"e}l and Gramfort, Alexandre and Michel, Vincent and Thirion, Bertrand and Grisel, Olivier and Blondel, Mathieu and Prettenhofer, Peter and Weiss, Ron and Dubourg, Vincent and others},
  journal={the Journal of machine Learning research},
  volume={12},
  pages={2825--2830},
  year={2011},
  publisher={JMLR. org}
}
@article{lemaitre_2017_imbalanced,
  title={Imbalanced-learn: A python toolbox to tackle the curse of imbalanced datasets in machine learning},
  author={Lema{\^\i}tre, Guillaume and Nogueira, Fernando and Aridas, Christos K},
  journal={The Journal of Machine Learning Research},
  volume={18},
  number={1},
  pages={559--563},
  year={2017},
  publisher={JMLR. org}
}
@article{shapley_SHAP_values,
  title={A value for n-person games},
  author={Shapley, Lloyd S},
  journal={Contribution to the Theory of Games},
  year={1953}
}
@article{lundberg_2020,
  title={From local explanations to global understanding with explainable AI for trees},
  author={Lundberg, Scott M and Erion, Gabriel and Chen, Hugh and DeGrave, Alex and Prutkin, Jordan M and Nair, Bala and Katz, Ronit and Himmelfarb, Jonathan and Bansal, Nisha and Lee, Su-In},
  journal={Nature machine intelligence},
  volume={2},
  number={1},
  pages={56--67},
  year={2020},
  publisher={Nature Publishing Group}
}
@article{lundberg_2018,
  title={Explainable machine-learning predictions for the prevention of hypoxaemia during surgery},
  author={Lundberg, Scott M and Nair, Bala and Vavilala, Monica S and Horibe, Mayumi and Eisses, Michael J and Adams, Trevor and Liston, David E and Low, Daniel King-Wai and Newman, Shu-Fang and Kim, Jerry and others},
  journal={Nature biomedical engineering},
  volume={2},
  number={10},
  pages={749--760},
  year={2018},
  publisher={Nature Publishing Group}
}
@article{santabarbara_2015,
  title={ROS-induced JNK and p38 signaling is required for unpaired cytokine activation during Drosophila regeneration},
  author={Santab{\'a}rbara-Ruiz, Paula and Lopez-Santillan, Mireya and Mart{\'\i}nez-Rodr{\'\i}guez, Irene and Binagui-Casas, Anahi and Perez, Lidia and Mil{\'a}n, Marco and Corominas, Montserrat and Serras, Florenci},
  journal={PLoS genetics},
  volume={11},
  number={10},
  pages={e1005595},
  year={2015},
  publisher={Public Library of Science San Francisco, CA USA}
}
@article{baena_2013,
  title={Accelerated homologous recombination and subsequent genome modification in Drosophila},
  author={Baena-Lopez, Luis Alberto and Alexandre, Cyrille and Mitchell, Alice and Pasakarnis, Laurynas and Vincent, Jean-Paul},
  journal={Development},
  volume={140},
  number={23},
  pages={4818--4825},
  year={2013},
  publisher={Company of Biologists}
}
@article{mattioli_2019,
  title={High-throughput functional analysis of lncRNA core promoters elucidates rules governing tissue specificity},
  author={Mattioli, Kaia and Volders, Pieter-Jan and Gerhardinger, Chiara and Lee, James C and Maass, Philipp G and Mel{\'e}, Marta and Rinn, John L},
  journal={Genome research},
  volume={29},
  number={3},
  pages={344--355},
  year={2019},
  publisher={Cold Spring Harbor Lab}
}
@article{haixiang_2017,
  title={Learning from class-imbalanced data: Review of methods and applications},
  author={Haixiang, Guo and Yijing, Li and Shang, Jennifer and Mingyun, Gu and Yuanyue, Huang and Bing, Gong},
  journal={Expert Systems with Applications},
  volume={73},
  pages={220--239},
  year={2017},
  publisher={Elsevier}
}
@article{he_2009,
  title={Learning from imbalanced data},
  author={He, Haibo and Garcia, Edwardo A},
  journal={IEEE Transactions on knowledge and data engineering},
  volume={21},
  number={9},
  pages={1263--1284},
  year={2009},
  publisher={Ieee}
}
@article{franklin_2005,
  title={The elements of statistical learning: data mining, inference and prediction},
  author={Franklin, James},
  journal={The Mathematical Intelligencer},
  volume={27},
  number={2},
  pages={83--85},
  year={2005},
  publisher={Springer}
}
@article{altman_2018_curse,
  title={The curse (s) of dimensionality},
  author={Altman, Naomi and Krzywinski, Martin},
  journal={Nat Methods},
  volume={15},
  number={6},
  pages={399--400},
  year={2018}
}
@article{gtex_2013,
  title={The genotype-tissue expression (GTEx) project},
  author={Lonsdale, John and Thomas, Jeffrey and Salvatore, Mike and Phillips, Rebecca and Lo, Edmund and Shad, Saboor and Hasz, Richard and Walters, Gary and Garcia, Fernando and Young, Nancy and others},
  journal={Nature genetics},
  volume={45},
  number={6},
  pages={580--585},
  year={2013},
  publisher={Nature Publishing Group}
}
@article{ernst_2011,
  title={Mapping and analysis of chromatin state dynamics in nine human cell types},
  author={Ernst, Jason and Kheradpour, Pouya and Mikkelsen, Tarjei S and Shoresh, Noam and Ward, Lucas D and Epstein, Charles B and Zhang, Xiaolan and Wang, Li and Issner, Robbyn and Coyne, Michael and others},
  journal={Nature},
  volume={473},
  number={7345},
  pages={43--49},
  year={2011},
  publisher={Nature Publishing Group}
}
@article{bernstein_2005,
  title={Genomic maps and comparative analysis of histone modifications in human and mouse},
  author={Bernstein, Bradley E and Kamal, Michael and Lindblad-Toh, Kerstin and Bekiranov, Stefan and Bailey, Dione K and Huebert, Dana J and McMahon, Scott and Karlsson, Elinor K and Kulbokas Iii, Edward J and Gingeras, Thomas R and others},
  journal={Cell},
  volume={120},
  number={2},
  pages={169--181},
  year={2005},
  publisher={Elsevier}
}
@article{celniker_2009,
  title={Unlocking the secrets of the genome},
  author={Celniker, Susan E and Dillon, Laura AL and Gerstein, Mark B and Gunsalus, Kristin C and Henikoff, Steven and Karpen, Gary H and Kellis, Manolis and Lai, Eric C and Lieb, Jason D and MacAlpine, David M and others},
  journal={Nature},
  volume={459},
  number={7249},
  pages={927--930},
  year={2009},
  publisher={Nature Publishing Group}
}
@article{modencode_2010,
  title={Identification of functional elements and regulatory circuits by Drosophila modENCODE},
  author={modENCODE Consortium and Roy, Sushmita and Ernst, Jason and Kharchenko, Peter V and Kheradpour, Pouya and Negre, Nicolas and Eaton, Matthew L and Landolin, Jane M and Bristow, Christopher A and Ma, Lijia and others},
  journal={Science},
  volume={330},
  number={6012},
  pages={1787--1797},
  year={2010},
  publisher={American Association for the Advancement of Science}
}
@article{schor_2018,
  title={Non-coding RNA expression, function, and variation during Drosophila embryogenesis},
  author={Schor, Ignacio E and Bussotti, Giovanni and Male{\v{s}}, Matilda and Forneris, Mattia and Viales, Rebecca R and Enright, Anton J and Furlong, Eileen EM},
  journal={Current Biology},
  volume={28},
  number={22},
  pages={3547--3561},
  year={2018},
  publisher={Elsevier}
}
@article{uszczynska2018,
  title={Towards a complete map of the human long non-coding RNA transcriptome},
  author={Uszczynska-Ratajczak, Barbara and Lagarde, Julien and Frankish, Adam and Guig{\'o}, Roderic and Johnson, Rory},
  journal={Nature Reviews Genetics},
  volume={19},
  number={9},
  pages={535--548},
  year={2018},
  publisher={Nature Publishing Group}
}
@article{camilleri_2019,
  title={Role of D-GADD45 in JNK-dependent apoptosis and regeneration in Drosophila},
  author={Camilleri-Robles, Carlos and Serras, Florenci and Corominas, Montserrat},
  journal={Genes},
  volume={10},
  number={5},
  pages={378},
  year={2019},
  publisher={Multidisciplinary Digital Publishing Institute}
}
@article{blanco_2010,
  title={Gene expression following induction of regeneration in Drosophila wing imaginal discs. Expression profile of regenerating wing discs},
  author={Blanco, Enrique and Ruiz-Romero, Marina and Beltran, Sergi and Bosch, Manel and Punset, Adri{\`a} and Serras, Florenci and Corominas, Montserrat},
  journal={BMC developmental biology},
  volume={10},
  number={1},
  pages={1--14},
  year={2010},
  publisher={BioMed Central}
}
@article{katsuyama_2015,
  title={During Drosophila disc regeneration, JAK/STAT coordinates cell proliferation with Dilp8-mediated developmental delay},
  author={Katsuyama, Tomonori and Comoglio, Federico and Seimiya, Makiko and Cabuy, Erik and Paro, Renato},
  journal={Proceedings of the National Academy of Sciences},
  volume={112},
  number={18},
  pages={E2327--E2336},
  year={2015},
  publisher={National Acad Sciences}
}
@article{lopez_2017,
  title={Comparative analysis of lincRNA in insect species},
  author={Lopez-Ezquerra, Alberto and Harrison, Mark C and Bornberg-Bauer, Erich},
  journal={BMC evolutionary biology},
  volume={17},
  number={1},
  pages={1--11},
  year={2017},
  publisher={Springer}
}
@article{nitsche_2017,
  title={Evolutionary clues in lncRNAs},
  author={Nitsche, Anne and Stadler, Peter F},
  journal={Wiley Interdisciplinary Reviews: RNA},
  volume={8},
  number={1},
  pages={e1376},
  year={2017},
  publisher={Wiley Online Library}
}
@phdthesis{haswell_2020,
  title={Genome-wide CRISPR interference screen identifies long non-coding RNA loci required for differentiation and pluripotency},
  author={Haswell, Jeffrey Raymond},
  year={2020},
  school={Harvard University}
}
@article{delgado_2018,
  title={Chaski, a novel Drosophila lactate/pyruvate transporter required in glia cells for survival under nutritional stress},
  author={Delgado, Mar{\'\i}a Graciela and Oliva, Carlos and L{\'o}pez, Estefan{\'\i}a and Ibacache, Andr{\'e}s and Galaz, Alex and Delgado, Ricardo and Barros, L Felipe and Sierralta, Jimena},
  journal={Scientific reports},
  volume={8},
  number={1},
  pages={1--13},
  year={2018},
  publisher={Nature Publishing Group}
}
@article{pelechano_2013,
  title={Gene regulation by antisense transcription},
  author={Pelechano, Vicent and Steinmetz, Lars M},
  journal={Nature Reviews Genetics},
  volume={14},
  number={12},
  pages={880--893},
  year={2013},
  publisher={Nature Publishing Group}
}
@article{batut_2017,
  title={Conserved noncoding transcription and core promoter regulatory code in early Drosophila development},
  author={Batut, Philippe J and Gingeras, Thomas R},
  journal={Elife},
  volume={6},
  pages={e29005},
  year={2017},
  publisher={eLife Sciences Publications Limited}
}
@article{davie_2018,
  title={A single-cell transcriptome atlas of the aging Drosophila brain},
  author={Davie, Kristofer and Janssens, Jasper and Koldere, Duygu and De Waegeneer, Maxime and Pech, Uli and Kreft, {\L}ukasz and Aibar, Sara and Makhzami, Samira and Christiaens, Valerie and Gonz{\'a}lez-Blas, Carmen Bravo and others},
  journal={Cell},
  volume={174},
  number={4},
  pages={982--998},
  year={2018},
  publisher={Elsevier}
}
@article{statello_2021_lncRNA_reg,
  title={Gene regulation by long non-coding RNAs and its biological functions},
  author={Statello, Luisa and Guo, Chun-Jie and Chen, Ling-Ling and Huarte, Maite},
  journal={Nature Reviews Molecular Cell Biology},
  volume={22},
  number={2},
  pages={96--118},
  year={2021},
  publisher={Nature Publishing Group}
}
@article{flintoft_2013_rox,
  title={Structure and function for lncRNAs},
  author={Flintoft, Louisa},
  journal={Nature reviews genetics},
  volume={14},
  number={9},
  pages={598--598},
  year={2013},
  publisher={Nature Publishing Group}
}
@article{ilik_2013_rox,
  title={Tandem stem-loops in roX RNAs act together to mediate X chromosome dosage compensation in Drosophila},
  author={Ilik, Ibrahim Avsar and Quinn, Jeffrey J and Georgiev, Plamen and Tavares-Cadete, Filipe and Maticzka, Daniel and Toscano, Sarah and Wan, Yue and Spitale, Robert C and Luscombe, Nicholas and Backofen, Rolf and others},
  journal={Molecular cell},
  volume={51},
  number={2},
  pages={156--173},
  year={2013},
  publisher={Elsevier}
}
@article{chen_2016_lncRNA,
  title={Genome-wide identification and developmental expression profiling of long noncoding RNAs during Drosophila metamorphosis},
  author={Chen, Bing and Zhang, Yi and Zhang, Xia and Jia, Shili and Chen, Shuang and Kang, Le},
  journal={Scientific reports},
  volume={6},
  number={1},
  pages={1--8},
  year={2016},
  publisher={Nature Publishing Group}
}
@article{aldaz_2010_imaginal,
  title={Imaginal discs},
  author={Aldaz, Silvia and Escudero, Luis M},
  journal={Current Biology},
  volume={20},
  number={10},
  pages={R429--R431},
  year={2010},
  publisher={Elsevier}
}
@article{spratford_2014_dissection,
  title={Dissection and immunostaining of imaginal discs from Drosophila melanogaster},
  author={Spratford, Carrie M and Kumar, Justin P},
  journal={Journal of visualized experiments: JoVE},
  number={91},
  year={2014},
  publisher={MyJoVE Corporation}
}
@article{khan_2017_dme,
  title={The Drosophila Duox maturation factor is a key component of a positive feedback loop that sustains regeneration signaling},
  author={Khan, Sumbul Jawed and Abidi, Syeda Nayab Fatima and Skinner, Andrea and Tian, Yuan and Smith-Bolton, Rachel K},
  journal={PLoS genetics},
  volume={13},
  number={7},
  pages={e1006937},
  year={2017},
  publisher={Public Library of Science San Francisco, CA USA}
}
@article{kapranov_2007_lncRNA,
  title={RNA maps reveal new RNA classes and a possible function for pervasive transcription},
  author={Kapranov, Philipp and Cheng, Jill and Dike, Sujit and Nix, David A and Duttagupta, Radharani and Willingham, Aarron T and Stadler, Peter F and Hertel, Jana and Hackerm{\"u}ller, J{\"o}rg and Hofacker, Ivo L and others},
  journal={Science},
  volume={316},
  number={5830},
  pages={1484--1488},
  year={2007},
  publisher={American Association for the Advancement of Science}
}
@article{guttman_2009_chromatin,
  title={Chromatin signature reveals over a thousand highly conserved large non-coding RNAs in mammals},
  author={Guttman, Mitchell and Amit, Ido and Garber, Manuel and French, Courtney and Lin, Michael F and Feldser, David and Huarte, Maite and Zuk, Or and Carey, Bryce W and Cassady, John P and others},
  journal={Nature},
  volume={458},
  number={7235},
  pages={223--227},
  year={2009},
  publisher={Nature Publishing Group}
}
@article{derrien_2012_gencode,
  title={The GENCODE v7 catalog of human long noncoding RNAs: analysis of their gene structure, evolution, and expression},
  author={Derrien, Thomas and Johnson, Rory and Bussotti, Giovanni and Tanzer, Andrea and Djebali, Sarah and Tilgner, Hagen and Guernec, Gregory and Martin, David and Merkel, Angelika and Knowles, David G and others},
  journal={Genome research},
  volume={22},
  number={9},
  pages={1775--1789},
  year={2012},
  publisher={Cold Spring Harbor Lab}
}
@article{djebali_2012_landscape,
  title={Landscape of transcription in human cells},
  author={Djebali, Sarah and Davis, Carrie A and Merkel, Angelika and Dobin, Alex and Lassmann, Timo and Mortazavi, Ali and Tanzer, Andrea and Lagarde, Julien and Lin, Wei and Schlesinger, Felix and others},
  journal={Nature},
  volume={489},
  number={7414},
  pages={101--108},
  year={2012},
  publisher={Nature Publishing Group}
}
@article{ulitsky_2018_interactions,
  title={Interactions between short and long noncoding RNAs},
  author={Ulitsky, Igor},
  journal={FEBS letters},
  volume={592},
  number={17},
  pages={2874--2883},
  year={2018},
  publisher={Wiley Online Library}
}
@article{jarroux_2017_history,
  title={History, discovery, and classification of lncRNAs},
  author={Jarroux, Julien and Morillon, Antonin and Pinskaya, Marina},
  journal={Long Non Coding RNA Biology},
  pages={1--46},
  year={2017},
  publisher={Springer}
}
@article{brannan_1990_h19,
  title={The product of the H19 gene may function as an RNA},
  author={Brannan, Camilynn I and Dees, ELIZABETH CLAIRE and Ingram, Robert S and Tilghman, SHIRLEY M},
  journal={Molecular and cellular biology},
  volume={10},
  number={1},
  pages={28--36},
  year={1990},
  publisher={Am Soc Microbiol}
}
@article{kopp_2018_functional,
  title={Functional classification and experimental dissection of long noncoding RNAs},
  author={Kopp, Florian and Mendell, Joshua T},
  journal={Cell},
  volume={172},
  number={3},
  pages={393--407},
  year={2018},
  publisher={Elsevier}
}
@article{kim_2015_erna,
  title={Enhancer RNAs: a class of long noncoding RNAs synthesized at enhancers},
  author={Kim, Tae-Kyung and Hemberg, Martin and Gray, Jesse M},
  journal={Cold Spring Harbor perspectives in biology},
  volume={7},
  number={1},
  pages={a018622},
  year={2015},
  publisher={Cold Spring Harbor Lab}
}
@article{zhao_2021_noncodev6,
  title={NONCODEV6: an updated database dedicated to long non-coding RNA annotation in both animals and plants},
  author={Zhao, Lianhe and Wang, Jiajia and Li, Yanyan and Song, Tingrui and Wu, Yang and Fang, Shuangsang and Bu, Dechao and Li, Hui and Sun, Liang and Pei, Dong and others},
  journal={Nucleic Acids Research},
  volume={49},
  number={D1},
  pages={D165--D171},
  year={2021},
  publisher={Oxford University Press}
}
@article{frankish_2021_gencode,
  title={GENCODE 2021},
  author={Frankish, Adam and Diekhans, Mark and Jungreis, Irwin and Lagarde, Julien and Loveland, Jane E and Mudge, Jonathan M and Sisu, Cristina and Wright, James C and Armstrong, Joel and Barnes, If and others},
  journal={Nucleic acids research},
  volume={49},
  number={D1},
  pages={D916--D923},
  year={2021},
  publisher={Oxford University Press}
}
@article{adams_2000_dme_genome,
  title={The genome sequence of Drosophila melanogaster},
  author={Adams, Mark D and Celniker, Susan E and Holt, Robert A and Evans, Cheryl A and Gocayne, Jeannine D and Amanatides, Peter G and Scherer, Steven E and Li, Peter W and Hoskins, Roger A and Galle, Richard F and others},
  journal={Science},
  volume={287},
  number={5461},
  pages={2185--2195},
  year={2000},
  publisher={American Association for the Advancement of Science}
}
@article{li_2019_insights,
  title={Insights into the Functions of LncRNAs in Drosophila},
  author={Li, Keqin and Tian, Yuanliangzi and Yuan, Ya and Fan, Xiaolan and Yang, Mingyao and He, Zhi and Yang, Deying},
  journal={International journal of molecular sciences},
  volume={20},
  number={18},
  pages={4646},
  year={2019},
  publisher={Multidisciplinary Digital Publishing Institute}
}
@article{mikkelsen_2007_genome,
  title={Genome-wide maps of chromatin state in pluripotent and lineage-committed cells},
  author={Mikkelsen, Tarjei S and Ku, Manching and Jaffe, David B and Issac, Biju and Lieberman, Erez and Giannoukos, Georgia and Alvarez, Pablo and Brockman, William and Kim, Tae-Kyung and Koche, Richard P and others},
  journal={Nature},
  volume={448},
  number={7153},
  pages={553--560},
  year={2007},
  publisher={Nature Publishing Group}
}
@article{loda_2019_xist,
  title={Xist RNA in action: Past, present, and future},
  author={Loda, Agnese and Heard, Edith},
  journal={PLoS genetics},
  volume={15},
  number={9},
  pages={e1008333},
  year={2019},
  publisher={Public Library of Science San Francisco, CA USA}
}
@article{wutz_2000_shift,
  title={A shift from reversible to irreversible X inactivation is triggered during ES cell differentiation},
  author={Wutz, Anton and Jaenisch, Rudolf},
  journal={Molecular cell},
  volume={5},
  number={4},
  pages={695--705},
  year={2000},
  publisher={Elsevier}
}
@article{penny_1996_requirement,
  title={Requirement for Xist in X chromosome inactivation},
  author={Penny, Graeme D and Kay, Graham F and Sheardown, Steven A and Rastan, Sohaila and Brockdorff, Neil},
  journal={Nature},
  volume={379},
  number={6561},
  pages={131--137},
  year={1996},
  publisher={Nature Publishing Group}
}
@article{chureau_2002_xist,
  title={Comparative sequence analysis of the X-inactivation center region in mouse, human, and bovine},
  author={Chureau, Corinne and Prissette, Marine and Bourdet, Agn{\`e}s and Barbe, Val{\'e}rie and Cattolico, Laurence and Jones, Louis and Eggen, Andr{\'e} and Avner, Philip and Duret, Laurent},
  journal={Genome research},
  volume={12},
  number={6},
  pages={894--908},
  year={2002},
  publisher={Cold Spring Harbor Lab}
}
@article{santoro_2013_airn,
  title={Silencing by the imprinted Airn macro lncRNA: Transcription is the answer},
  author={Santoro, Federica and Pauler, Florian M},
  journal={Cell cycle},
  volume={12},
  number={5},
  pages={711--712},
  year={2013},
  publisher={Taylor \& Francis}
}
@article{meller_2002_rox,
  title={The roX genes encode redundant male-specific lethal transcripts required for targeting of the MSL complex},
  author={Meller, Victoria H and Rattner, Barbara P},
  journal={The EMBO journal},
  volume={21},
  number={5},
  pages={1084--1091},
  year={2002},
  publisher={John Wiley \& Sons, Ltd}
}
@article{bone_1994_acetylated,
  title={Acetylated histone H4 on the male X chromosome is associated with dosage compensation in Drosophila.},
  author={Bone, James R and Lavender, J and Richman, Ron and Palmer, Melanie J and Turner, Bryan M and Kuroda, Mitzi I},
  journal={Genes \& development},
  volume={8},
  number={1},
  pages={96--104},
  year={1994},
  publisher={Cold Spring Harbor Lab}
}
@article{gelbart_2009_drosophila,
  title={Drosophila MSL complex globally acetylates H4K16 on the male X chromosome for dosage compensation},
  author={Gelbart, Marnie E and Larschan, Erica and Peng, Shouyong and Park, Peter J and Kuroda, Mitzi I},
  journal={Nature structural \& molecular biology},
  volume={16},
  number={8},
  pages={825--832},
  year={2009},
  publisher={Nature Publishing Group}
}
@article{carninci_2005_transcriptional,
  title={The transcriptional landscape of the mammalian genome},
  author={Carninci, Pea and Kasukawa, T and Katayama, S and Gough, J and Frith, MC and Maeda, Norihiro and Oyama, Rieko and Ravasi, T and Lenhard, B and Wells, C and others},
  journal={science},
  volume={309},
  number={5740},
  pages={1559--1563},
  year={2005},
  publisher={American Association for the Advancement of Science}
}
@article{ota_2004_complete_cDNA,
  title={Complete sequencing and characterization of 21,243 full-length human cDNAs},
  author={Ota, Toshio and Suzuki, Yutaka and Nishikawa, Tetsuo and Otsuki, Tetsuji and Sugiyama, Tomoyasu and Irie, Ryotaro and Wakamatsu, Ai and Hayashi, Koji and Sato, Hiroyuki and Nagai, Keiichi and others},
  journal={Nature genetics},
  volume={36},
  number={1},
  pages={40--45},
  year={2004},
  publisher={Nature Publishing Group}
}
@article{stapleton_2002_drosophila,
  title={The Drosophila gene collection: identification of putative full-length cDNAs for 70\% of D. melanogaster genes},
  author={Stapleton, Mark and Liao, Guochun and Brokstein, Peter and Hong, Ling and Carninci, Piero and Shiraki, Toshiyuki and Hayashizaki, Yoshihide and Champe, Mark and Pacleb, Joanne and Wan, Ken and others},
  journal={Genome research},
  volume={12},
  number={8},
  pages={1294--1300},
  year={2002},
  publisher={Cold Spring Harbor Lab}
}
@article{lagarde_2017_capture,
  title={High-throughput annotation of full-length long noncoding RNAs with capture long-read sequencing},
  author={Lagarde, Julien and Uszczynska-Ratajczak, Barbara and Carbonell, Silvia and P{\'e}rez-Lluch, S{\'\i}lvia and Abad, Amaya and Davis, Carrie and Gingeras, Thomas R and Frankish, Adam and Harrow, Jennifer and Guigo, Roderic and others},
  journal={Nature genetics},
  volume={49},
  number={12},
  pages={1731--1740},
  year={2017},
  publisher={Nature Publishing Group}
}
@article{wei_2018_neuro,
  title={The role of long noncoding RNAs in central nervous system and neurodegenerative diseases},
  author={Wei, Chang-Wei and Luo, Ting and Zou, Shan-Shan and Wu, An-Shi},
  journal={Frontiers in behavioral neuroscience},
  volume={12},
  pages={175},
  year={2018},
  publisher={Frontiers}
}
@article{atianand_2016_inflammation,
  title={A long noncoding RNA lincRNA-EPS acts as a transcriptional brake to restrain inflammation},
  author={Atianand, Maninjay K and Hu, Wenqian and Satpathy, Ansuman T and Shen, Ying and Ricci, Emiliano P and Alvarez-Dominguez, Juan R and Bhatta, Ankit and Schattgen, Stefan A and McGowan, Jason D and Blin, Juliana and others},
  journal={Cell},
  volume={165},
  number={7},
  pages={1672--1685},
  year={2016},
  publisher={Elsevier}
}
@article{castellanos_2016_celiac,
  title={A long noncoding RNA associated with susceptibility to celiac disease},
  author={Castellanos-Rubio, Ainara and Fernandez-Jimenez, Nora and Kratchmarov, Radomir and Luo, Xiaobing and Bhagat, Govind and Green, Peter HR and Schneider, Robert and Kiledjian, Megerditch and Bilbao, Jose Ramon and Ghosh, Sankar},
  journal={Science},
  volume={352},
  number={6281},
  pages={91--95},
  year={2016},
  publisher={American Association for the Advancement of Science}
}
@article{das_2021_lncrbase,
  title={LncRBase V. 2: an updated resource for multispecies lncRNAs and ClinicLSNP hosting genetic variants in lncRNAs for cancer patients},
  author={Das, Troyee and Deb, Aritra and Parida, Sibun and Mondal, Sudip and Khatua, Sunirmal and Ghosh, Zhumur},
  journal={RNA biology},
  volume={18},
  number={8},
  pages={1136--1151},
  year={2021},
  publisher={Taylor \& Francis}
}
@article{carlevaro_2020_cancer,
  title={Cancer LncRNA Census reveals evidence for deep functional conservation of long noncoding RNAs in tumorigenesis},
  author={Carlevaro-Fita, Joana and Lanz{\'o}s, Andr{\'e}s and Feuerbach, Lars and Hong, Chen and Mas-Ponte, David and Pedersen, Jakob Skou and Johnson, Rory},
  journal={Communications biology},
  volume={3},
  number={1},
  pages={1--16},
  year={2020},
  publisher={Nature Publishing Group}
}
@article{oleary_2016_refseq,
  title={Reference sequence (RefSeq) database at NCBI: current status, taxonomic expansion, and functional annotation},
  author={O'Leary, Nuala A and Wright, Mathew W and Brister, J Rodney and Ciufo, Stacy and Haddad, Diana and McVeigh, Rich and Rajput, Bhanu and Robbertse, Barbara and Smith-White, Brian and Ako-Adjei, Danso and others},
  journal={Nucleic acids research},
  volume={44},
  number={D1},
  pages={D733--D745},
  year={2016},
  publisher={Oxford University Press}
}
@article{iyer_2015_mitranscriptome,
  title={The landscape of long noncoding RNAs in the human transcriptome},
  author={Iyer, Matthew K and Niknafs, Yashar S and Malik, Rohit and Singhal, Udit and Sahu, Anirban and Hosono, Yasuyuki and Barrette, Terrence R and Prensner, John R and Evans, Joseph R and Zhao, Shuang and others},
  journal={Nature genetics},
  volume={47},
  number={3},
  pages={199--208},
  year={2015},
  publisher={Nature Publishing Group}
}
@article{hon_2017_fantom_cat,
  title={An atlas of human long non-coding RNAs with accurate 5′ ends},
  author={Hon, Chung-Chau and Ramilowski, Jordan A and Harshbarger, Jayson and Bertin, Nicolas and Rackham, Owen JL and Gough, Julian and Denisenko, Elena and Schmeier, Sebastian and Poulsen, Thomas M and Severin, Jessica and others},
  journal={Nature},
  volume={543},
  number={7644},
  pages={199--204},
  year={2017},
  publisher={Nature Publishing Group}
}
@article{thurmond_2019_flybase,
  title={FlyBase 2.0: the next generation},
  author={Thurmond, Jim and Goodman, Joshua L and Strelets, Victor B and Attrill, Helen and Gramates, L Sian and Marygold, Steven J and Matthews, Beverley B and Millburn, Gillian and Antonazzo, Giulia and Trovisco, Vitor and others},
  journal={Nucleic acids research},
  volume={47},
  number={D1},
  pages={D759--D765},
  year={2019},
  publisher={Oxford University Press}
}
@article{quek_2015_lncrnadb,
  title={lncRNAdb v2. 0: expanding the reference database for functional long noncoding RNAs},
  author={Quek, Xiu Cheng and Thomson, Daniel W and Maag, Jesper LV and Bartonicek, Nenad and Signal, Bethany and Clark, Michael B and Gloss, Brian S and Dinger, Marcel E},
  journal={Nucleic acids research},
  volume={43},
  number={D1},
  pages={D168--D173},
  year={2015},
  publisher={Oxford University Press}
}
@article{dueva_2019_neutralization,
  title={Neutralization of the positive charges on histone tails by RNA promotes an open chromatin structure},
  author={Dueva, Rositsa and Akopyan, Karen and Pederiva, Chiara and Trevisan, Davide and Dhanjal, Soniya and Lindqvist, Arne and Farnebo, Marianne},
  journal={Cell chemical biology},
  volume={26},
  number={10},
  pages={1436--1449},
  year={2019},
  publisher={Elsevier}
}
@article{pease_2013_noncoding,
  title={Noncoding RNAs of the Ultrabithorax domain of the Drosophila bithorax complex},
  author={Pease, Benjamin and Borges, Ana C and Bender, Welcome},
  journal={Genetics},
  volume={195},
  number={4},
  pages={1253--1264},
  year={2013},
  publisher={Oxford University Press}
}
@article{legeai_2015_identification,
  title={Identification of long non-coding RNAs in insects genomes},
  author={Legeai, Fabrice and Derrien, Thomas},
  journal={Current Opinion in Insect Science},
  volume={7},
  pages={37--44},
  year={2015},
  publisher={Elsevier}
}
@article{kim_2018_rox,
  title={RNA-on-X 1 and 2 in Drosophila melanogaster fulfill separate functions in dosage compensation},
  author={Kim, Maria and Faucillion, Marie-Line and Larsson, Jan},
  journal={PLoS genetics},
  volume={14},
  number={12},
  pages={e1007842},
  year={2018},
  publisher={Public Library of Science San Francisco, CA USA}
}
@article{arab_2019_gadd45a,
  title={GADD45A binds R-loops and recruits TET1 to CpG island promoters},
  author={Arab, Khelifa and Karaulanov, Emil and Musheev, Michael and Trnka, Philipp and Sch{\"a}fer, Andrea and Grummt, Ingrid and Niehrs, Christof},
  journal={Nature genetics},
  volume={51},
  number={2},
  pages={217--223},
  year={2019},
  publisher={Nature Publishing Group}
}
@article{luo_2019_hottip,
  title={HOTTIP lncRNA promotes hematopoietic stem cell self-renewal leading to AML-like disease in mice},
  author={Luo, Huacheng and Zhu, Ganqian and Xu, Jianfeng and Lai, Qian and Yan, Bowen and Guo, Ying and Fung, Tsz Kan and Zeisig, Bernd B and Cui, Ya and Zha, Jie and others},
  journal={Cancer Cell},
  volume={36},
  number={6},
  pages={645--659},
  year={2019},
  publisher={Elsevier}
}
@article{jain_2016_lncpress1,
  title={LncPRESS1 is a p53-regulated LncRNA that safeguards pluripotency by disrupting SIRT6-mediated de-acetylation of histone H3K56},
  author={Jain, Abhinav K and Xi, Yuanxin and McCarthy, Ryan and Allton, Kendra and Akdemir, Kadir C and Patel, Lalit R and Aronow, Bruce and Lin, Chunru and Li, Wei and Yang, Liuqing and others},
  journal={Molecular cell},
  volume={64},
  number={5},
  pages={967--981},
  year={2016},
  publisher={Elsevier}
}
@article{mas_2020_apolo,
  title={lncRNA--DNA hybrids regulate distant genes},
  author={Mas, Aina Maria and Huarte, Maite},
  journal={EMBO reports},
  volume={21},
  number={3},
  pages={e50107},
  year={2020}
}
@article{ariel_2020_apolo,
  title={R-loop mediated trans action of the APOLO long noncoding RNA},
  author={Ariel, Federico and Lucero, Leandro and Christ, Aurelie and Mammarella, Maria Florencia and Jegu, Teddy and Veluchamy, Alaguraj and Mariappan, Kiruthiga and Latrasse, David and Blein, Thomas and Liu, Chang and others},
  journal={Molecular cell},
  volume={77},
  number={5},
  pages={1055--1065},
  year={2020},
  publisher={Elsevier}
}
@article{csorba_2014_coolair,
  title={Antisense COOLAIR mediates the coordinated switching of chromatin states at FLC during vernalization},
  author={Csorba, Tibor and Questa, Julia I and Sun, Qianwen and Dean, Caroline},
  journal={Proceedings of the National Academy of Sciences},
  volume={111},
  number={45},
  pages={16160--16165},
  year={2014},
  publisher={National Acad Sciences}
}
@article{rosa_2016_coolair,
  title={Mutually exclusive sense--antisense transcription at FLC facilitates environmentally induced gene repression},
  author={Rosa, Stefanie and Duncan, Susan and Dean, Caroline},
  journal={Nature Communications},
  volume={7},
  number={1},
  pages={1--7},
  year={2016},
  publisher={Nature Publishing Group}
}
@article{beckedorff_2013_anrassf1,
  title={The intronic long noncoding RNA ANRASSF1 recruits PRC2 to the RASSF1A promoter, reducing the expression of RASSF1A and increasing cell proliferation},
  author={Beckedorff, Felipe C and Ayupe, Ana C and Crocci-Souza, Renan and Amaral, Murilo S and Nakaya, Helder I and Soltys, Daniela T and Menck, Carlos FM and Reis, Eduardo M and Verjovski-Almeida, Sergio},
  journal={PLoS genetics},
  volume={9},
  number={8},
  pages={e1003705},
  year={2013},
  publisher={Public Library of Science San Francisco, USA}
}
@article{wutz_1997_imprinted,
  title={Imprinted expression of the Igf2r gene depends on an intronic CpG island},
  author={Wutz, Anton and Smrzka, Oskar W and Schweifer, Norbert and Schellander, Karl and Wagner, Erwin F and Barlow, Denise P},
  journal={Nature},
  volume={389},
  number={6652},
  pages={745--749},
  year={1997},
  publisher={Nature Publishing Group}
}
@article{dhanoa_2018_long_review,
  title={Long non-coding RNA: its evolutionary relics and biological implications in mammals: a review},
  author={Dhanoa, Jasdeep Kaur and Sethi, Ram Saran and Verma, Ramneek and Arora, Jaspreet Singh and Mukhopadhyay, Chandra Sekhar},
  journal={Journal of animal science and technology},
  volume={60},
  number={1},
  pages={1--10},
  year={2018},
  publisher={Springer}
}
@article{schertzer_2019_airn,
  title={lncRNA-induced spread of polycomb controlled by genome architecture, RNA abundance, and CpG island DNA},
  author={Schertzer, Megan D and Braceros, Keean CA and Starmer, Joshua and Cherney, Rachel E and Lee, David M and Salazar, Gabriela and Justice, Megan and Bischoff, Steven R and Cowley, Dale O and Ariel, Pablo and others},
  journal={Molecular cell},
  volume={75},
  number={3},
  pages={523--537},
  year={2019},
  publisher={Elsevier}
}
@article{wang_2011_hottip,
  title={A long noncoding RNA maintains active chromatin to coordinate homeotic gene expression},
  author={Wang, Kevin C and Yang, Yul W and Liu, Bo and Sanyal, Amartya and Corces-Zimmerman, Ryan and Chen, Yong and Lajoie, Bryan R and Protacio, Angeline and Flynn, Ryan A and Gupta, Rajnish A and others},
  journal={Nature},
  volume={472},
  number={7341},
  pages={120--124},
  year={2011},
  publisher={Nature Publishing Group}
}
@article{holdt_2013_anril,
  title={Alu elements in ANRIL non-coding RNA at chromosome 9p21 modulate atherogenic cell functions through trans-regulation of gene networks},
  author={Holdt, Lesca M and Hoffmann, Steve and Sass, Kristina and Langenberger, David and Scholz, Markus and Krohn, Knut and Finstermeier, Knut and Stahringer, Anika and Wilfert, Wolfgang and Beutner, Frank and others},
  journal={PLoS genetics},
  volume={9},
  number={7},
  pages={e1003588},
  year={2013},
  publisher={Public Library of Science San Francisco, USA}
}
@article{seila_2008_divergent,
  title={Divergent transcription from active promoters},
  author={Seila, Amy C and Calabrese, J Mauro and Levine, Stuart S and Yeo, Gene W and Rahl, Peter B and Flynn, Ryan A and Young, Richard A and Sharp, Phillip A},
  journal={science},
  volume={322},
  number={5909},
  pages={1849--1851},
  year={2008},
  publisher={American Association for the Advancement of Science}
}
@article{luo_2016_divergent,
  title={Divergent lncRNAs regulate gene expression and lineage differentiation in pluripotent cells},
  author={Luo, Sai and Lu, J Yuyang and Liu, Lichao and Yin, Yafei and Chen, Chunyan and Han, Xue and Wu, Bohou and Xu, Ronggang and Liu, Wei and Yan, Pixi and others},
  journal={Cell stem cell},
  volume={18},
  number={5},
  pages={637--652},
  year={2016},
  publisher={Elsevier}
}
@article{core_2012_defining,
  title={Defining the status of RNA polymerase at promoters},
  author={Core, Leighton J and Waterfall, Joshua J and Gilchrist, Daniel A and Fargo, David C and Kwak, Hojoong and Adelman, Karen and Lis, John T},
  journal={Cell reports},
  volume={2},
  number={4},
  pages={1025--1035},
  year={2012},
  publisher={Elsevier}
}
@article{ulitsky_2016_evolution,
  title={Evolution to the rescue: using comparative genomics to understand long non-coding RNAs},
  author={Ulitsky, Igor},
  journal={Nature Reviews Genetics},
  volume={17},
  number={10},
  pages={601--614},
  year={2016},
  publisher={Nature Publishing Group}
}
@article{quinn_2016_rapid,
  title={Rapid evolutionary turnover underlies conserved lncRNA--genome interactions},
  author={Quinn, Jeffrey J and Zhang, Qiangfeng C and Georgiev, Plamen and Ilik, Ibrahim A and Akhtar, Asifa and Chang, Howard Y},
  journal={Genes \& development},
  volume={30},
  number={2},
  pages={191--207},
  year={2016},
  publisher={Cold Spring Harbor Lab}
}
@article{pegueroles_2019_synteny,
  title={Transcriptomic analyses reveal groups of co-expressed, syntenic lncRNAs in four species of the genus Caenorhabditis},
  author={Pegueroles, Cinta and Iraola-Guzm{\'a}n, Susana and Chorostecki, Uciel and Ksiezopolska, Ewa and Saus, Ester and Gabald{\'o}n, Toni},
  journal={RNA biology},
  volume={16},
  number={3},
  pages={320--329},
  year={2019},
  publisher={Taylor \& Francis}
}
@article{herrera_2019_microsyntenic,
  title={Microsyntenic clusters reveal conservation of lncRNAs in chordates despite absence of sequence conservation},
  author={Herrera-{\'U}beda, Carlos and Mar{\'\i}n-Barba, Marta and Navas-P{\'e}rez, Enrique and Gravemeyer, Jan and Albuixech-Crespo, Beatriz and Wheeler, Grant N and Garcia-Fern{\`a}ndez, Jordi},
  journal={Biology},
  volume={8},
  number={3},
  pages={61},
  year={2019},
  publisher={Multidisciplinary Digital Publishing Institute}
}
@article{hezroni_2015_principles,
  title={Principles of long noncoding RNA evolution derived from direct comparison of transcriptomes in 17 species},
  author={Hezroni, Hadas and Koppstein, David and Schwartz, Matthew G and Avrutin, Alexandra and Bartel, David P and Ulitsky, Igor},
  journal={Cell reports},
  volume={11},
  number={7},
  pages={1110--1122},
  year={2015},
  publisher={Elsevier}
}
@article{lu_2017_pvt1,
  title={lncRNA PVT1 in cancer: a review and meta-analysis},
  author={Lu, Dapeng and Luo, Peng and Wang, Qi and Ye, Yuanyuan and Wang, Baolong},
  journal={Clinica Chimica Acta},
  volume={474},
  pages={1--7},
  year={2017},
  publisher={Elsevier}
}
@article{ounzain_2015_carmen,
  title={CARMEN, a human super enhancer-associated long noncoding RNA controlling cardiac specification, differentiation and homeostasis},
  author={Ounzain, Samir and Micheletti, Rudi and Arnan, Carme and Plaisance, Isabelle and Cecchi, Dario and Schroen, Blanche and Reverter, Ferran and Alexanian, Michael and Gonzales, Christine and Ng, Shi Yan and others},
  journal={Journal of molecular and cellular cardiology},
  volume={89},
  pages={98--112},
  year={2015},
  publisher={Elsevier}
}
@article{couso_2017_smORF,
  title={Classification and function of small open reading frames},
  author={Couso, Juan-Pablo and Patraquim, Pedro},
  journal={Nature reviews Molecular cell biology},
  volume={18},
  number={9},
  pages={575--589},
  year={2017},
  publisher={Nature Publishing Group}
}
@article{pasquinelli_2000_let,
  title={Conservation of the sequence and temporal expression of let-7 heterochronic regulatory RNA},
  author={Pasquinelli, Amy E and Reinhart, Brenda J and Slack, Frank and Martindale, Mark Q and Kuroda, Mitzi I and Maller, Betsy and Hayward, David C and Ball, Eldon E and Degnan, Bernard and M{\"u}ller, Peter and others},
  journal={Nature},
  volume={408},
  number={6808},
  pages={86--89},
  year={2000},
  publisher={Nature Publishing Group}
}
@article{necsulea_2014_evolution,
  title={The evolution of lncRNA repertoires and expression patterns in tetrapods},
  author={Necsulea, Anamaria and Soumillon, Magali and Warnefors, Maria and Liechti, Ang{\'e}lica and Daish, Tasman and Zeller, Ulrich and Baker, Julie C and Gr{\"u}tzner, Frank and Kaessmann, Henrik},
  journal={Nature},
  volume={505},
  number={7485},
  pages={635--640},
  year={2014},
  publisher={Nature Publishing Group}
}
@article{haerty_2013_mutations,
  title={Mutations within lncRNAs are effectively selected against in fruitfly but not in human},
  author={Haerty, Wilfried and Ponting, Chris P},
  journal={Genome biology},
  volume={14},
  number={5},
  pages={1--16},
  year={2013},
  publisher={BioMed Central}
}
@article{cabili_2011_integrative,
  title={Integrative annotation of human large intergenic noncoding RNAs reveals global properties and specific subclasses},
  author={Cabili, Moran N and Trapnell, Cole and Goff, Loyal and Koziol, Magdalena and Tazon-Vega, Barbara and Regev, Aviv and Rinn, John L},
  journal={Genes \& development},
  volume={25},
  number={18},
  pages={1915--1927},
  year={2011},
  publisher={Cold Spring Harbor Lab}
}
@article{marques_2009_catalogues,
  title={Catalogues of mammalian long noncoding RNAs: modest conservation and incompleteness},
  author={Marques, Ana C and Ponting, Chris P},
  journal={Genome biology},
  volume={10},
  number={11},
  pages={1--12},
  year={2009},
  publisher={BioMed Central}
}
@article{washietl_2014_evolutionary,
  title={Evolutionary dynamics and tissue specificity of human long noncoding RNAs in six mammals},
  author={Washietl, Stefan and Kellis, Manolis and Garber, Manuel},
  journal={Genome research},
  volume={24},
  number={4},
  pages={616--628},
  year={2014},
  publisher={Cold Spring Harbor Lab}
}
@article{managadze_2011_negative,
  title={Negative correlation between expression level and evolutionary rate of long intergenic noncoding RNAs},
  author={Managadze, David and Rogozin, Igor B and Chernikova, Diana and Shabalina, Svetlana A and Koonin, Eugene V},
  journal={Genome biology and evolution},
  volume={3},
  pages={1390--1404},
  year={2011},
  publisher={Oxford Academic}
}
@article{yang_2015_human,
  title={Human long noncoding RNAs are substantially less folded than messenger RNAs},
  author={Yang, Jian-Rong and Zhang, Jianzhi},
  journal={Molecular biology and evolution},
  volume={32},
  number={4},
  pages={970--977},
  year={2015},
  publisher={Oxford University Press}
}
@article{novikova_2013_3s,
  title={3S: shotgun secondary structure determination of long non-coding RNAs},
  author={Novikova, Irina V and Dharap, Ashutosh and Hennelly, Scott P and Sanbonmatsu, Karissa Y},
  journal={Methods},
  volume={63},
  number={2},
  pages={170--177},
  year={2013},
  publisher={Elsevier}
}
@article{ma_2015_malat1,
  title={Malat1 as an evolutionarily conserved lncRNA, plays a positive role in regulating proliferation and maintaining undifferentiated status of early-stage hematopoietic cells},
  author={Ma, Xian-Yong and Wang, Jian-Hui and Wang, Jing-Lan and Ma, Charles X and Wang, Xiao-Chun and Liu, Feng-Song},
  journal={BMC genomics},
  volume={16},
  number={1},
  pages={1--11},
  year={2015},
  publisher={BioMed Central}
}
@article{munschauer_2018_norad,
  title={The NORAD lncRNA assembles a topoisomerase complex critical for genome stability},
  author={Munschauer, Mathias and Nguyen, Celina T and Sirokman, Klara and Hartigan, Christina R and Hogstrom, Larson and Engreitz, Jesse M and Ulirsch, Jacob C and Fulco, Charles P and Subramanian, Vidya and Chen, Jenny and others},
  journal={Nature},
  volume={561},
  number={7721},
  pages={132--136},
  year={2018},
  publisher={Nature Publishing Group}
}
@article{grote_2013_fendrr,
  title={The tissue-specific lncRNA Fendrr is an essential regulator of heart and body wall development in the mouse},
  author={Grote, Phillip and Wittler, Lars and Hendrix, David and Koch, Frederic and W{\"a}hrisch, Sandra and Beisaw, Arica and Macura, Karol and Bl{\"a}ss, Gaby and Kellis, Manolis and Werber, Martin and others},
  journal={Developmental cell},
  volume={24},
  number={2},
  pages={206--214},
  year={2013},
  publisher={Elsevier}
}
@article{bassett_2014_considerations,
  title={Science forum: considerations when investigating lncRNA function in vivo},
  author={Bassett, Andrew R and Akhtar, Asifa and Barlow, Denise P and Bird, Adrian P and Brockdorff, Neil and Duboule, Denis and Ephrussi, Anne and Ferguson-Smith, Anne C and Gingeras, Thomas R and Haerty, Wilfried and others},
  journal={elife},
  volume={3},
  pages={e03058},
  year={2014},
  publisher={eLife Sciences Publications Limited}
}
@article{goto_1998_xist,
  title={Regulation of X-chromosome inactivation in development in mice and humans},
  author={Goto, Tetsuya and Monk, Marilyn},
  journal={Microbiology and Molecular Biology Reviews},
  volume={62},
  number={2},
  pages={362--378},
  year={1998},
  publisher={Am Soc Microbiol}
}
@article{andrews_2014_smorf,
  title={Emerging evidence for functional peptides encoded by short open reading frames},
  author={Andrews, Shea J and Rothnagel, Joseph A},
  journal={Nature Reviews Genetics},
  volume={15},
  number={3},
  pages={193--204},
  year={2014},
  publisher={Nature Publishing Group}
}
@article{galindo_2007_peptides,
  title={Peptides encoded by short ORFs control development and define a new eukaryotic gene family},
  author={Galindo, M{\'a}ximo Ibo and Pueyo, Jos{\'e} Ignacio and Fouix, Sylvaine and Bishop, Sarah Anne and Couso, Juan Pablo},
  journal={PLoS biology},
  volume={5},
  number={5},
  pages={e106},
  year={2007},
  publisher={Public Library of Science San Francisco, USA}
}
@article{andrews_2014_emerging,
  title={Emerging evidence for functional peptides encoded by short open reading frames},
  author={Andrews, Shea J and Rothnagel, Joseph A},
  journal={Nature Reviews Genetics},
  volume={15},
  number={3},
  pages={193--204},
  year={2014},
  publisher={Nature Publishing Group}
}
@article{pueyo_2016_peptides,
  title={New peptides under the s (ORF) ace of the genome},
  author={Pueyo, Jose I and Magny, Emile G and Couso, Juan P},
  journal={Trends in biochemical sciences},
  volume={41},
  number={8},
  pages={665--678},
  year={2016},
  publisher={Elsevier}
}
@article{alecki_2020_rna-dna,
  title={RNA-DNA strand exchange by the Drosophila Polycomb complex PRC2},
  author={Alecki, C{\'e}lia and Chiwara, Victoria and Sanz, Lionel A and Grau, Daniel and P{\'e}rez, Osvaldo Arias and Boulier, Elodie L and Armache, Karim-Jean and Ch{\'e}din, Fr{\'e}d{\'e}ric and Francis, Nicole J},
  journal={Nature communications},
  volume={11},
  number={1},
  pages={1--14},
  year={2020},
  publisher={Nature Publishing Group}
}
@article{carnesecchi_2018_hox,
  title={Hox transcription factors: an overview of multi-step regulators of gene expression},
  author={Carnesecchi, Julie and Pinto, Pedro B and Lohmann, Ingrid},
  journal={International Journal of Developmental Biology},
  volume={62},
  number={11-12},
  pages={723--732},
  year={2018},
  publisher={UPV/EHU Press}
}
@article{svingen_2006_hox,
  title={Hox transcription factors and their elusive mammalian gene targets},
  author={Svingen, Terje and Tonissen, KF},
  journal={Heredity},
  volume={97},
  number={2},
  pages={88--96},
  year={2006},
  publisher={Nature Publishing Group}
}
@article{rinn_2007_hotair,
  title={Functional demarcation of active and silent chromatin domains in human HOX loci by noncoding RNAs},
  author={Rinn, John L and Kertesz, Michael and Wang, Jordon K and Squazzo, Sharon L and Xu, Xiao and Brugmann, Samantha A and Goodnough, L Henry and Helms, Jill A and Farnham, Peggy J and Segal, Eran and others},
  journal={cell},
  volume={129},
  number={7},
  pages={1311--1323},
  year={2007},
  publisher={Elsevier}
}
@article{ma_2009_collision,
  title={In a head-on collision, two RNA polymerases approaching one another on the same DNA may pass by one another},
  author={Ma, Na and McAllister, William T},
  journal={Journal of molecular biology},
  volume={391},
  number={5},
  pages={808--812},
  year={2009},
  publisher={Elsevier}
}
@article{hobson_2012_collision,
  title={RNA polymerase II collision interrupts convergent transcription},
  author={Hobson, David J and Wei, Wu and Steinmetz, Lars M and Svejstrup, Jesper Q},
  journal={Molecular cell},
  volume={48},
  number={3},
  pages={365--374},
  year={2012},
  publisher={Elsevier}
}
@article{nussbaumer_2000_bs,
  title={Expression of the blistered/DSRF gene is controlled by different morphogens during Drosophila trachea and wing development},
  author={Nussbaumer, Ute and Halder, Georg and Groppe, Jay and Affolter, Markus and Montagne, Jacques},
  journal={Mechanisms of development},
  volume={96},
  number={1},
  pages={27--36},
  year={2000},
  publisher={Elsevier}
}
@article{fristrom_1994_blistered,
  title={Blistered: a gene required for vein/intervein formation in wings of Drosophila},
  author={Fristrom, Dianne and Gotwals, Philip and Eaton, Suzanne and Kornberg, Thomas B and Sturtevant, Mark and Bier, Ethan and Fristrom, James W},
  journal={Development},
  volume={120},
  number={9},
  pages={2661--2671},
  year={1994},
  publisher={Company of Biologists The Company of Biologists, Bidder Building, 140 Cowley~…}
}
@article{groff_2016_linc-p21,
  title={In vivo characterization of Linc-p21 reveals functional cis-regulatory DNA elements},
  author={Groff, Abigail F and Sanchez-Gomez, Diana B and Soruco, Marcela ML and Gerhardinger, Chiara and Barutcu, A Rasim and Li, Eric and Elcavage, Lara and Plana, Olivia and Sanchez, Lluvia V and Lee, James C and others},
  journal={Cell reports},
  volume={16},
  number={8},
  pages={2178--2186},
  year={2016},
  publisher={Elsevier}
}
@article{allen_2014_linc-p21,
  title={Global analysis of p53-regulated transcription identifies its direct targets and unexpected regulatory mechanisms},
  author={Allen, Mary Ann and Andrysik, Zdenek and Dengler, Veronica L and Mellert, Hestia S and Guarnieri, Anna and Freeman, Justin A and Sullivan, Kelly D and Galbraith, Matthew D and Luo, Xin and Kraus, W Lee and others},
  journal={Elife},
  volume={3},
  pages={e02200},
  year={2014},
  publisher={eLife Sciences Publications Limited}
}
@article{engreitz_2016_local,
  title={Local regulation of gene expression by lncRNA promoters, transcription and splicing},
  author={Engreitz, Jesse M and Haines, Jenna E and Perez, Elizabeth M and Munson, Glen and Chen, Jenny and Kane, Michael and McDonel, Patrick E and Guttman, Mitchell and Lander, Eric S},
  journal={Nature},
  volume={539},
  number={7629},
  pages={452--455},
  year={2016},
  publisher={Nature Publishing Group}
}
@article{paralkar_2016_unlinking,
  title={Unlinking an lncRNA from its associated cis element},
  author={Paralkar, Vikram R and Taborda, Cristian C and Huang, Peng and Yao, Yu and Kossenkov, Andrew V and Prasad, Rishi and Luan, Jing and Davies, James OJ and Hughes, Jim R and Hardison, Ross C and others},
  journal={Molecular cell},
  volume={62},
  number={1},
  pages={104--110},
  year={2016},
  publisher={Elsevier}
}
@article{anderson_2016_transcription,
  title={Transcription of the non-coding RNA upperhand controls Hand2 expression and heart development},
  author={Anderson, Kelly M and Anderson, Douglas M and McAnally, John R and Shelton, John M and Bassel-Duby, Rhonda and Olson, Eric N},
  journal={Nature},
  volume={539},
  number={7629},
  pages={433--436},
  year={2016},
  publisher={Nature Publishing Group}
}
@article{arnold_2020_diversity,
  title={Diversity and emerging roles of enhancer RNA in regulation of gene expression and cell fate},
  author={Arnold, Preston R and Wells, Andrew D and Li, Xian C},
  journal={Frontiers in cell and developmental biology},
  volume={7},
  pages={377},
  year={2020},
  publisher={Frontiers}
}
@article{de_2010_erna,
  title={A large fraction of extragenic RNA pol II transcription sites overlap enhancers},
  author={De Santa, Francesca and Barozzi, Iros and Mietton, Flore and Ghisletti, Serena and Polletti, Sara and Tusi, Betsabeh Khoramian and Muller, Heiko and Ragoussis, Jiannis and Wei, Chia-Lin and Natoli, Gioacchino},
  journal={PLoS biology},
  volume={8},
  number={5},
  pages={e1000384},
  year={2010},
  publisher={Public Library of Science San Francisco, USA}
}
@article{kim_2010_erna,
  title={Widespread transcription at neuronal activity-regulated enhancers},
  author={Kim, Tae-Kyung and Hemberg, Martin and Gray, Jesse M and Costa, Allen M and Bear, Daniel M and Wu, Jing and Harmin, David A and Laptewicz, Mike and Barbara-Haley, Kellie and Kuersten, Scott and others},
  journal={Nature},
  volume={465},
  number={7295},
  pages={182--187},
  year={2010},
  publisher={Nature Publishing Group}
}
@article{mikhaylichenko_2018_erna,
  title={The degree of enhancer or promoter activity is reflected by the levels and directionality of eRNA transcription},
  author={Mikhaylichenko, Olga and Bondarenko, Vladyslav and Harnett, Dermot and Schor, Ignacio E and Males, Matilda and Viales, Rebecca R and Furlong, Eileen EM},
  journal={Genes \& development},
  volume={32},
  number={1},
  pages={42--57},
  year={2018},
  publisher={Cold Spring Harbor Lab}
}
@article{pu_2019_mirna,
  title={Regulatory network of miRNA on its target: coordination between transcriptional and post-transcriptional regulation of gene expression},
  author={Pu, Mengfan and Chen, Jing and Tao, Zhouteng and Miao, Lingling and Qi, Xinming and Wang, Yizheng and Ren, Jin},
  journal={Cellular and Molecular Life Sciences},
  volume={76},
  number={3},
  pages={441--451},
  year={2019},
  publisher={Springer}
}
@article{siomi_2010_mirna,
  title={Posttranscriptional regulation of microRNA biogenesis in animals},
  author={Siomi, Haruhiko and Siomi, Mikiko C},
  journal={Molecular cell},
  volume={38},
  number={3},
  pages={323--332},
  year={2010},
  publisher={Elsevier}
}
@article{garaulet_2014_homeotic,
  title={Homeotic function of Drosophila Bithorax-complex miRNAs mediates fertility by restricting multiple Hox genes and TALE cofactors in the CNS},
  author={Garaulet, Daniel L and Castellanos, Monica C and Bejarano, Fernando and Sanfilippo, Piero and Tyler, David M and Allan, Douglas W and S{\'a}nchez-Herrero, Ernesto and Lai, Eric C},
  journal={Developmental cell},
  volume={29},
  number={6},
  pages={635--648},
  year={2014},
  publisher={Elsevier}
}
@article{gummalla_2012_abd,
  title={abd-A regulation by the iab-8 noncoding RNA},
  author={Gummalla, Maheshwar and Maeda, Robert K and Castro Alvarez, Javier J and Gyurkovics, Henrik and Singari, Swetha and Edwards, Kevin A and Karch, Fran{\c{c}}ois and Bender, Welcome},
  journal={PLoS genetics},
  volume={8},
  number={5},
  pages={e1002720},
  year={2012},
  publisher={Public Library of Science San Francisco, USA}
}
@article{maeda_2018_lncrna,
  title={The lncRNA male-specific abdominal plays a critical role in Drosophila accessory gland development and male fertility},
  author={Maeda, Robert K and Sitnik, Jessica L and Frei, Yohan and Prince, Elodie and Gligorov, Dragan and Wolfner, Mariana F and Karch, Fran{\c{c}}ois},
  journal={PLoS genetics},
  volume={14},
  number={7},
  pages={e1007519},
  year={2018},
  publisher={Public Library of Science San Francisco, CA USA}
}
@article{cesana_2011_long,
  title={A long noncoding RNA controls muscle differentiation by functioning as a competing endogenous RNA},
  author={Cesana, Marcella and Cacchiarelli, Davide and Legnini, Ivano and Santini, Tiziana and Sthandier, Olga and Chinappi, Mauro and Tramontano, Anna and Bozzoni, Irene},
  journal={Cell},
  volume={147},
  number={2},
  pages={358--369},
  year={2011},
  publisher={Elsevier}
}
@article{salmena_2011_cerna,
  title={A ceRNA hypothesis: the Rosetta Stone of a hidden RNA language?},
  author={Salmena, Leonardo and Poliseno, Laura and Tay, Yvonne and Kats, Lev and Pandolfi, Pier Paolo},
  journal={Cell},
  volume={146},
  number={3},
  pages={353--358},
  year={2011},
  publisher={Elsevier}
}
@article{grelet_2017_pnuts,
  title={A regulated PNUTS mRNA to lncRNA splice switch mediates EMT and tumour progression},
  author={Grelet, Simon and Link, Laura A and Howley, Breege and Obellianne, Cl{\'e}mence and Palanisamy, Viswanathan and Gangaraju, Vamsi K and Diehl, J Alan and Howe, Philip H},
  journal={Nature cell biology},
  volume={19},
  number={9},
  pages={1105--1115},
  year={2017},
  publisher={Nature Publishing Group}
}
@article{soshnev_2011_yar,
  title={A conserved long noncoding RNA affects sleep behavior in Drosophila},
  author={Soshnev, Alexey A and Ishimoto, Hiroshi and McAllister, Bryant F and Li, Xingguo and Wehling, Misty D and Kitamoto, Toshihiro and Geyer, Pamela K},
  journal={Genetics},
  volume={189},
  number={2},
  pages={455--468},
  year={2011},
  publisher={Oxford University Press}
}
@article{kallen_2013_h19,
  title={The imprinted H19 lncRNA antagonizes let-7 microRNAs},
  author={Kallen, Amanda N and Zhou, Xiao-Bo and Xu, Jie and Qiao, Chong and Ma, Jing and Yan, Lei and Lu, Lingeng and Liu, Chaochun and Yi, Jae-Sung and Zhang, Haifeng and others},
  journal={Molecular cell},
  volume={52},
  number={1},
  pages={101--112},
  year={2013},
  publisher={Elsevier}
}
@article{onyango_2011_h19,
  title={A nucleolar protein, H19 opposite tumor suppressor (HOTS), is a tumor growth inhibitor encoded by a human imprinted H19 antisense transcript},
  author={Onyango, Patrick and Feinberg, Andrew P},
  journal={Proceedings of the National Academy of Sciences},
  volume={108},
  number={40},
  pages={16759--16764},
  year={2011},
  publisher={National Acad Sciences}
}
@article{krystal_1990_rna-rna_duplex,
  title={N-myc mRNA forms an RNA-RNA duplex with endogenous antisense transcripts},
  author={Krystal, GEOFFREY W and Armstrong, BC and Battey, JF},
  journal={Molecular and cellular biology},
  volume={10},
  number={8},
  pages={4180--4191},
  year={1990},
  publisher={Am Soc Microbiol}
}
@article{keniry_2012_h19,
  title={The H19 lincRNA is a developmental reservoir of miR-675 that suppresses growth and Igf1r},
  author={Keniry, Andrew and Oxley, David and Monnier, Paul and Kyba, Michael and Dandolo, Luisa and Smits, Guillaume and Reik, Wolf},
  journal={Nature cell biology},
  volume={14},
  number={7},
  pages={659--665},
  year={2012},
  publisher={Nature Publishing Group}
}
@article{shearwin_2005_transcrip_inter,
  title={Transcriptional interference--a crash course},
  author={Shearwin, Keith E and Callen, Benjamin P and Egan, J Barry},
  journal={TRENDS in Genetics},
  volume={21},
  number={6},
  pages={339--345},
  year={2005},
  publisher={Elsevier}
}
@article{syed_2021_heterogeneity,
  title={Heterogeneity among enhancer RNAs: origins, consequences and perspectives},
  author={Syed, Khaja Mohieddin and Hon, Chung-Chau},
  journal={Essays in Biochemistry},
  year={2021}
}
@article{li_2013_eRNA,
  title={Functional roles of enhancer RNAs for oestrogen-dependent transcriptional activation},
  author={Li, Wenbo and Notani, Dimple and Ma, Qi and Tanasa, Bogdan and Nunez, Esperanza and Chen, Aaron Yun and Merkurjev, Daria and Zhang, Jie and Ohgi, Kenneth and Song, Xiaoyuan and others},
  journal={Nature},
  volume={498},
  number={7455},
  pages={516--520},
  year={2013},
  publisher={Nature Publishing Group}
}
@article{romero_2018_splicing,
  title={Splicing regulation by long noncoding RNAs},
  author={Romero-Barrios, Natali and Legascue, Maria Florencia and Benhamed, Moussa and Ariel, Federico and Crespi, Martin},
  journal={Nucleic acids research},
  volume={46},
  number={5},
  pages={2169--2184},
  year={2018},
  publisher={Oxford University Press}
}
@article{rom_2019_chaserr,
  title={Regulation of CHD2 expression by the Chaserr long noncoding RNA gene is essential for viability},
  author={Rom, Aviv and Melamed, Liliya and Gil, Noa and Goldrich, Micah Jonathan and Kadir, Rotem and Golan, Matan and Biton, Inbal and Perry, Rotem Ben-Tov and Ulitsky, Igor},
  journal={Nature communications},
  volume={10},
  number={1},
  pages={1--15},
  year={2019},
  publisher={Nature Publishing Group}
}
@article{hutchinson_2007_neat1,
  title={A screen for nuclear transcripts identifies two linked noncoding RNAs associated with SC35 splicing domains},
  author={Hutchinson, John N and Ensminger, Alexander W and Clemson, Christine M and Lynch, Christopher R and Lawrence, Jeanne B and Chess, Andrew},
  journal={BMC genomics},
  volume={8},
  number={1},
  pages={1--16},
  year={2007},
  publisher={Springer}
}
@article{long_2009_sr,
  title={The SR protein family of splicing factors: master regulators of gene expression},
  author={Long, Jennifer C and Caceres, Javier F},
  journal={Biochemical Journal},
  volume={417},
  number={1},
  pages={15--27},
  year={2009},
  publisher={Portland Press Ltd.}
}
@article{cao_1997_phosphorylation,
  title={Both phosphorylation and dephosphorylation of ASF/SF2 are required for pre-mRNA splicing in vitro.},
  author={Cao, Wenhong and Jamison, Sharon F and Garcia-Blanco, Mariano A},
  journal={Rna},
  volume={3},
  number={12},
  pages={1456--1467},
  year={1997},
  publisher={Cold Spring Harbor Lab}
}
@article{xiao_1998_phosphorylation,
  title={Phosphorylation--dephosphorylation differentially affects activities of splicing factor ASF/SF2},
  author={Xiao, Shou-Hua and Manley, James L},
  journal={The EMBO journal},
  volume={17},
  number={21},
  pages={6359--6367},
  year={1998},
  publisher={John Wiley \& Sons, Ltd}
}
@article{jiang_2009_akt2,
  title={Akt2 regulation of Cdc2-like kinases (Clk/Sty), serine/arginine-rich (SR) protein phosphorylation, and insulin-induced alternative splicing of PKC$\beta$II messenger ribonucleic acid},
  author={Jiang, Kun and Patel, Niketa A and Watson, James E and Apostolatos, Hercules and Kleiman, Eden and Hanson, Olivia and Hagiwara, Masatoshi and Cooper, Denise R},
  journal={Endocrinology},
  volume={150},
  number={5},
  pages={2087--2097},
  year={2009},
  publisher={Oxford University Press}
}
@article{cooper_2014_neat1,
  title={Long non-coding RNA NEAT1 associates with SRp40 to temporally regulate PPAR$\gamma$2 splicing during adipogenesis in 3T3-L1 cells},
  author={Cooper, Denise R and Carter, Gay and Li, Pengfei and Patel, Rehka and Watson, James E and Patel, Niketa A},
  journal={Genes},
  volume={5},
  number={4},
  pages={1050--1063},
  year={2014},
  publisher={Multidisciplinary Digital Publishing Institute}
}
@article{wang_2016_malat1,
  title={LncRNA MALAT1 promotes development of mantle cell lymphoma by associating with EZH2},
  author={Wang, Xin and Sehgal, Lalit and Jain, Neeraj and Khashab, Tamer and Mathur, Rohit and Samaniego, Felipe},
  journal={Journal of translational medicine},
  volume={14},
  number={1},
  pages={1--14},
  year={2016},
  publisher={BioMed Central}
}
@article{malakar_2017_malat1,
  title={Long noncoding RNA MALAT1 promotes hepatocellular carcinoma development by SRSF1 upregulation and mTOR activation},
  author={Malakar, Pushkar and Shilo, Asaf and Mogilevsky, Adi and Stein, Ilan and Pikarsky, Eli and Nevo, Yuval and Benyamini, Hadar and Elgavish, Sharona and Zong, Xinying and Prasanth, Kannanganattu V and others},
  journal={Cancer research},
  volume={77},
  number={5},
  pages={1155--1167},
  year={2017},
  publisher={AACR}
}
@article{tripathi_2010_malat1,
  title={The nuclear-retained noncoding RNA MALAT1 regulates alternative splicing by modulating SR splicing factor phosphorylation},
  author={Tripathi, Vidisha and Ellis, Jonathan D and Shen, Zhen and Song, David Y and Pan, Qun and Watt, Andrew T and Freier, Susan M and Bennett, C Frank and Sharma, Alok and Bubulya, Paula A and others},
  journal={Molecular cell},
  volume={39},
  number={6},
  pages={925--938},
  year={2010},
  publisher={Elsevier}
}
@article{stamm_2008_malat1,
  title={Regulation of alternative splicing by reversible protein phosphorylation},
  author={Stamm, Stefan},
  journal={Journal of Biological Chemistry},
  volume={283},
  number={3},
  pages={1223--1227},
  year={2008},
  publisher={ASBMB}
}
@article{villamizar_2016_saf,
  title={Long noncoding RNA Saf and splicing factor 45 increase soluble Fas and resistance to apoptosis},
  author={Villamizar, Olga and Chambers, Christopher B and Riberdy, Janice M and Persons, Derek A and Wilber, Andrew},
  journal={Oncotarget},
  volume={7},
  number={12},
  pages={13810},
  year={2016},
  publisher={Impact Journals, LLC}
}
@article{villamizar_2016_fas,
  title={Fas-antisense long noncoding RNA is differentially expressed during maturation of human erythrocytes and confers resistance to Fas-mediated cell death},
  author={Villamizar, Olga and Chambers, Christopher B and Mo, Yin-Yuan and Torry, Donald S and Hofstrand, Reese and Riberdy, Janice M and Persons, Derek A and Wilber, Andrew},
  journal={Blood Cells, Molecules, and Diseases},
  volume={58},
  pages={57--66},
  year={2016},
  publisher={Elsevier}
}
@article{beltran_2008_zeb2,
  title={A natural antisense transcript regulates Zeb2/Sip1 gene expression during Snail1-induced epithelial--mesenchymal transition},
  author={Beltran, Manuel and Puig, Isabel and Pe{\~n}a, Cristina and Garc{\'\i}a, Jos{\'e} Miguel and {\'A}lvarez, Ana Bel{\'e}n and Pe{\~n}a, Ra{\'u}l and Bonilla, F{\'e}lix and de Herreros, Antonio Garc{\'\i}a},
  journal={Genes \& development},
  volume={22},
  number={6},
  pages={756--769},
  year={2008},
  publisher={Cold Spring Harbor Lab}
}
@article{he_2019_lncRNA_splicing,
  title={Emerging roles of lncRNAs in the post-transcriptional regulation in cancer},
  author={He, Rong-Zhang and Luo, Di-Xian and Mo, Yin-Yuan},
  journal={Genes \& diseases},
  volume={6},
  number={1},
  pages={6--15},
  year={2019},
  publisher={Elsevier}
}
@article{hariharan_2017_imaginal,
  title={Imaginal disc regeneration takes flight},
  author={Hariharan, Iswar K and Serras, Florenci},
  journal={Current opinion in cell biology},
  volume={48},
  pages={10--16},
  year={2017},
  publisher={Elsevier}
}
@article{gonccalves_2017_skeletal,
  title={Non-coding RNAs in skeletal muscle regeneration},
  author={Gon{\c{c}}alves, Tristan JM and Armand, Anne-Sophie},
  journal={Non-coding RNA research},
  volume={2},
  number={1},
  pages={56--67},
  year={2017},
  publisher={Elsevier}
}
@article{dong_2021_cardiomyocyte,
  title={Non-coding RNAs in cardiomyocyte proliferation and cardiac regeneration: Dissecting their therapeutic values},
  author={Dong, Xiaoxuan and Dong, Xiuyun and Gao, Feng and Liu, Ning and Liang, Tian and Zhang, Feng and Fu, Xuyang and Pu, Linbin and Chen, Jinghai},
  journal={Journal of Cellular and Molecular Medicine},
  volume={25},
  number={5},
  pages={2315--2332},
  year={2021},
  publisher={Wiley Online Library}
}
@article{goldman_2020_tissue_regeneration,
  title={Gene regulatory programmes of tissue regeneration},
  author={Goldman, Joseph A and Poss, Kenneth D},
  journal={Nature Reviews Genetics},
  volume={21},
  number={9},
  pages={511--525},
  year={2020},
  publisher={Nature Publishing Group}
}
@article{baghdadi_2018_skeletal,
  title={Regulation and phylogeny of skeletal muscle regeneration},
  author={Baghdadi, Meryem B and Tajbakhsh, Shahragim},
  journal={Developmental biology},
  volume={433},
  number={2},
  pages={200--209},
  year={2018},
  publisher={Elsevier}
}
@inproceedings{sergeeva_2020_liver_regeneration,
  title={Noncoding RNA in Liver Regeneration—From Molecular Mechanisms to Clinical Implications},
  author={Sergeeva, Olga and Sviridov, Evgeny and Zatsepin, Timofei},
  booktitle={Seminars in liver disease},
  volume={40},
  number={01},
  pages={070--083},
  year={2020},
  organization={Thieme Medical Publishers}
}
@inproceedings{vizcaya_2020_chromatin,
  title={Chromatin dynamics in regeneration epithelia: Lessons from Drosophila imaginal discs},
  author={Vizcaya-Molina, Elena and Klein, Cecilia C and Serras, Florenci and Corominas, Montserrat},
  booktitle={Seminars in cell \& developmental biology},
  volume={97},
  pages={55--62},
  year={2020},
  organization={Elsevier}
}
@article{iismaa_2018_comparative,
  title={Comparative regenerative mechanisms across different mammalian tissues},
  author={Iismaa, Siiri E and Kaidonis, Xenia and Nicks, Amy M and Bogush, Nikolay and Kikuchi, Kazu and Naqvi, Nawazish and Harvey, Richard P and Husain, Ahsan and Graham, Robert M},
  journal={NPJ Regenerative medicine},
  volume={3},
  number={1},
  pages={1--20},
  year={2018},
  publisher={Nature Publishing Group}
}
@article{morgan_1901_regeneration,
  title={Regeneration and liability to injury},
  author={Morgan, Thomas Hunt},
  journal={Science},
  volume={14},
  number={346},
  pages={235--248},
  year={1901},
  publisher={American Association for the Advancement of Science}
}
@article{han_2003_digit,
  title={Digit regeneration is regulated by Msx1 and BMP4 in fetal mice},
  author={Han, Manjong and Yang, Xiaodong and Farrington, Jennifer E and Muneoka, Ken},
  year={2003},
  publisher={Oxford University Press for The Company of Biologists Limited}
}
@article{lehoczky_2015_digit,
  title={Lgr6 marks nail stem cells and is required for digit tip regeneration},
  author={Lehoczky, Jessica A and Tabin, Clifford J},
  journal={Proceedings of the National Academy of Sciences},
  volume={112},
  number={43},
  pages={13249--13254},
  year={2015},
  publisher={National Acad Sciences}
}
@article{kopp_2016_stem,
  title={Stem cells versus plasticity in liver and pancreas regeneration},
  author={Kopp, Janel L and Grompe, Markus and Sander, Maike},
  journal={Nature cell biology},
  volume={18},
  number={3},
  pages={238--245},
  year={2016},
  publisher={Nature Publishing Group}
}
@article{cummings_1984_hydra,
  title={Head regeneration and polarity reversal in Hydra attenuata can occur in the absence of DNA synthesis},
  author={Cummings, Susan G and Bode, Hans R},
  journal={Wilhelm Roux's archives of developmental biology},
  volume={194},
  number={2},
  pages={79--86},
  year={1984},
  publisher={Springer}
}
@article{gonzalez_2017_zebrafish_15,
  title={Zebrafish heart regeneration: 15 years of discoveries},
  author={Gonz{\'a}lez-Rosa, Juan Manuel and Burns, Caroline E and Burns, C Geoffrey},
  journal={Regeneration},
  volume={4},
  number={3},
  pages={105--123},
  year={2017},
  publisher={Wiley Online Library}
}
@article{bely_2010_evolution,
  title={Evolution of animal regeneration: re-emergence of a field},
  author={Bely, Alexandra E and Nyberg, Kevin G},
  journal={Trends in ecology \& evolution},
  volume={25},
  number={3},
  pages={161--170},
  year={2010},
  publisher={Elsevier}
}
@article{slack_2017_animal,
  title={Animal regeneration: ancestral character or evolutionary novelty?},
  author={Slack, Jonathan MW},
  journal={EMBO reports},
  volume={18},
  number={9},
  pages={1497--1508},
  year={2017}
}
@article{umesono_2013_planarian,
  title={The molecular logic for planarian regeneration along the anterior--posterior axis},
  author={Umesono, Yoshihiko and Tasaki, Junichi and Nishimura, Yui and Hrouda, Martina and Kawaguchi, Eri and Yazawa, Shigenobu and Nishimura, Osamu and Hosoda, Kazutaka and Inoue, Takeshi and Agata, Kiyokazu},
  journal={Nature},
  volume={500},
  number={7460},
  pages={73--76},
  year={2013},
  publisher={Nature Publishing Group}
}
@article{seifert_2012_skin,
  title={Skin shedding and tissue regeneration in African spiny mice (Acomys)},
  author={Seifert, Ashley W and Kiama, Stephen G and Seifert, Megan G and Goheen, Jacob R and Palmer, Todd M and Maden, Malcolm},
  journal={Nature},
  volume={489},
  number={7417},
  pages={561--565},
  year={2012},
  publisher={Nature Publishing Group}
}
@article{chen_2017_regeneration_genetics,
  title={Regeneration genetics},
  author={Chen, Chen-Hui and Poss, Kenneth D},
  journal={Annual review of genetics},
  volume={51},
  pages={63--82},
  year={2017},
  publisher={Annual Reviews}
}
@article{bryant_2017_axolotl,
  title={A tissue-mapped axolotl de novo transcriptome enables identification of limb regeneration factors},
  author={Bryant, Donald M and Johnson, Kimberly and DiTommaso, Tia and Tickle, Timothy and Couger, Matthew Brian and Payzin-Dogru, Duygu and Lee, Tae J and Leigh, Nicholas D and Kuo, Tzu-Hsing and Davis, Francis G and others},
  journal={Cell reports},
  volume={18},
  number={3},
  pages={762--776},
  year={2017},
  publisher={Elsevier}
}
@article{kragl_2009_axolotl,
  title={Cells keep a memory of their tissue origin during axolotl limb regeneration},
  author={Kragl, Martin and Knapp, Dunja and Nacu, Eugen and Khattak, Shahryar and Maden, Malcolm and Epperlein, Hans Henning and Tanaka, Elly M},
  journal={Nature},
  volume={460},
  number={7251},
  pages={60--65},
  year={2009},
  publisher={Nature Publishing Group}
}
@article{pfefferli_2015_art_zebrafish,
  title={The art of fin regeneration in zebrafish},
  author={Pfefferli, Catherine and Ja{\'z}wi{\'n}ska, Anna},
  journal={Regeneration},
  volume={2},
  number={2},
  pages={72--83},
  year={2015},
  publisher={Wiley Online Library}
}
@article{ji_2019_understanding,
  title={Understanding human diseases using Drosophila.},
  author={Ji, Jun-Yuan and Han, Chun and Deng, Wu-Min},
  journal={Journal of genetics and genomics= Yi chuan xue bao},
  volume={46},
  number={4},
  pages={155--156},
  year={2019}
}
@article{venkatraman_2013_h19,
  title={Maternal imprinting at the H19--Igf2 locus maintains adult haematopoietic stem cell quiescence},
  author={Venkatraman, Aparna and He, Xi C and Thorvaldsen, Joanne L and Sugimura, Ryohichi and Perry, John M and Tao, Fang and Zhao, Meng and Christenson, Matthew K and Sanchez, Rebeca and Jaclyn, Y Yu and others},
  journal={Nature},
  volume={500},
  number={7462},
  pages={345--349},
  year={2013},
  publisher={Nature Publishing Group}
}
@article{dey_2014_h19,
  title={The H19 long noncoding RNA gives rise to microRNAs miR-675-3p and miR-675-5p to promote skeletal muscle differentiation and regeneration},
  author={Dey, Bijan K and Pfeifer, Karl and Dutta, Anindya},
  journal={Genes \& development},
  volume={28},
  number={5},
  pages={491--501},
  year={2014},
  publisher={Cold Spring Harbor Lab}
}
@article{yamamoto_2004_h19,
  title={Increased expression of H19 non-coding mRNA follows hepatocyte proliferation in the rat and mouse},
  author={Yamamoto, Youhei and Nishikawa, Yuji and Tokairin, Takuo and Omori, Yasufumi and Enomoto, Katsuhiko},
  journal={Journal of hepatology},
  volume={40},
  number={5},
  pages={808--814},
  year={2004},
  publisher={Elsevier}
}
@article{li_2017_malat1,
  title={The role of lncRNA MALAT1 in the regulation of hepatocyte proliferation during liver regeneration},
  author={Li, Cuicui and Chang, Lei and Chen, Zhiquan and Liu, Zhongzhong and Wang, Yanfeng and Ye, Qifa},
  journal={International journal of molecular medicine},
  volume={39},
  number={2},
  pages={347--356},
  year={2017},
  publisher={Spandidos Publications}
}
@article{han_2015_malat1,
  title={Malat1 regulates serum response factor through miR-133 as a competing endogenous RNA in myogenesis},
  author={Han, Xiaorui and Yang, Feng and Cao, Huiqing and Liang, Zicai},
  journal={The FASEB Journal},
  volume={29},
  number={7},
  pages={3054--3064},
  year={2015},
  publisher={Wiley Online Library}
}
@article{zhao_2005_serum,
  title={Serum response factor regulates a muscle-specific microRNA that targets Hand2 during cardiogenesis},
  author={Zhao, Yong and Samal, Eva and Srivastava, Deepak},
  journal={Nature},
  volume={436},
  number={7048},
  pages={214--220},
  year={2005},
  publisher={Nature Publishing Group}
}
@article{wang_2016_sirt1,
  title={Sirt1 AS lncRNA interacts with its mRNA to inhibit muscle formation by attenuating function of miR-34a},
  author={Wang, Guo-qiang and Wang, Yu and Xiong, Yan and Chen, Xiao-Chang and Ma, Mei-ling and Cai, Rui and Gao, Yun and Sun, Yun-mei and Yang, Gong-She and Pang, Wei-Jun},
  journal={Scientific reports},
  volume={6},
  number={1},
  pages={1--13},
  year={2016},
  publisher={Nature Publishing Group}
}
@article{wang_2014_sirt1,
  title={Identification, stability and expression of Sirt1 antisense long non-coding RNA},
  author={Wang, Yu and Pang, Wei-Jun and Wei, Ning and Xiong, Yan and Wu, Wen-Jing and Zhao, Cun-Zhen and Shen, Qing-Wu and Yang, Gong-She},
  journal={Gene},
  volume={539},
  number={1},
  pages={117--124},
  year={2014},
  publisher={Elsevier}
}
@article{li_2018_sirt1,
  title={Sirt1 antisense long noncoding RNA promotes cardiomyocyte proliferation by enhancing the stability of Sirt1},
  author={Li, Bing and Hu, Yinlan and Li, Xinzhong and Jin, Guoqing and Chen, Xiaoqiang and Chen, Guojun and Chen, Yanmei and Huang, Senlin and Liao, Wangjun and Liao, Yulin and others},
  journal={Journal of the American Heart Association},
  volume={7},
  number={21},
  pages={e009700},
  year={2018},
  publisher={Am Heart Assoc}
}
@article{mousavi_2013_ernas,
  title={eRNAs promote transcription by establishing chromatin accessibility at defined genomic loci},
  author={Mousavi, Kambiz and Zare, Hossein and Dell’Orso, Stefania and Grontved, Lars and Gutierrez-Cruz, Gustavo and Derfoul, Assia and Hager, Gordon L and Sartorelli, Vittorio},
  journal={Molecular cell},
  volume={51},
  number={5},
  pages={606--617},
  year={2013},
  publisher={Elsevier}
}
@article{cai_2018_carel,
  title={The long noncoding RNA CAREL controls cardiac regeneration},
  author={Cai, Benzhi and Ma, Wenya and Ding, Fengzhi and Zhang, Lai and Huang, Qi and Wang, Xiuxiu and Hua, Bingjie and Xu, Juan and Li, Jiamin and Bi, Chongwei and others},
  journal={Journal of the American College of Cardiology},
  volume={72},
  number={5},
  pages={534--550},
  year={2018},
  publisher={American College of Cardiology Foundation Washington, DC}
}
@article{ponnusamy_2019_cpr,
  title={Long noncoding RNA CPR (cardiomyocyte proliferation regulator) regulates cardiomyocyte proliferation and cardiac repair},
  author={Ponnusamy, Murugavel and Liu, Fang and Zhang, Yu-Hui and Li, Rui-Bei and Zhai, Mei and Liu, Fei and Zhou, Lu-Yu and Liu, Cui-Yun and Yan, Kao-Wen and Dong, Yan-Han and others},
  journal={Circulation},
  volume={139},
  number={23},
  pages={2668--2684},
  year={2019},
  publisher={Am Heart Assoc}
}
@article{cai_2020_lncdach1,
  title={Targeting LncDACH1 promotes cardiac repair and regeneration after myocardium infarction},
  author={Cai, Benzhi and Ma, Wenya and Wang, Xiuxiu and Sukhareva, Natalia and Hua, Bingjie and Zhang, Lai and Xu, Juan and Li, Xingda and Li, Shuainan and Liu, Shenzhen and others},
  journal={Cell Death \& Differentiation},
  volume={27},
  number={7},
  pages={2158--2175},
  year={2020},
  publisher={Nature Publishing Group}
}
@article{xu_2013_lalr1,
  title={Long noncoding RNAs associated with liver regeneration 1 accelerates hepatocyte proliferation during liver regeneration by activating Wnt/$\beta$-Catenin signaling},
  author={Xu, Dan and Yang, Fu and Yuan, Ji-hang and Zhang, Ling and Bi, Hai-shan and Zhou, Chuan-chuan and Liu, Feng and Wang, Fang and Sun, Shu-han},
  journal={Hepatology},
  volume={58},
  number={2},
  pages={739--751},
  year={2013},
  publisher={Wiley Online Library}
}
@article {Haswell_2021_crispri,
	author = {Haswell, Jeffrey R. and Mattioli, Kaia and Gerhardinger, Chiara and Maass, Philipp G. and Foster, Daniel J. and Fernandez, Paola P. and Wang, Xiaofeng and Rinn, John L. and Slack, Frank J.},
	title = {Genome-wide CRISPR interference screen identifies long non-coding RNA loci required for differentiation and pluripotency},
	elocation-id = {2021.02.08.430256},
	year = {2021},
	doi = {10.1101/2021.02.08.430256},
	publisher = {Cold Spring Harbor Laboratory},
	journal = {bioRxiv}
}
@article{liu_2020_crispri,
  title={Wnt-regulated lncRNA discovery enhanced by in vivo identification and CRISPRi functional validation},
  author={Liu, Shiyang and Harmston, Nathan and Glaser, Trudy Lee and Wong, Yunka and Zhong, Zheng and Madan, Babita and Virshup, David M and Petretto, Enrico},
  journal={Genome medicine},
  volume={12},
  number={1},
  pages={1--22},
  year={2020},
  publisher={BioMed Central}
}
@article{cai_2020_crispri,
  title={A genome-wide long noncoding RNA CRISPRi screen identifies PRANCR as a novel regulator of epidermal homeostasis},
  author={Cai, Pengfei and Otten, Auke BC and Cheng, Binbin and Ishii, Mitsuhiro A and Zhang, Wen and Huang, Beibei and Qu, Kun and Sun, Bryan K},
  journal={Genome research},
  volume={30},
  number={1},
  pages={22--34},
  year={2020},
  publisher={Cold Spring Harbor Lab}
}
@article{liu_2020_crispri_glioma,
  title={CRISPRi-based radiation modifier screen identifies long non-coding RNA therapeutic targets in glioma},
  author={Liu, S John and Malatesta, Martina and Lien, Brian V and Saha, Parna and Thombare, Shivani S and Hong, Sung Jun and Pedraza, Leslie and Koontz, Mark and Seo, Kyounghee and Horlbeck, Max A and others},
  journal={Genome biology},
  volume={21},
  number={1},
  pages={1--18},
  year={2020},
  publisher={BioMed Central}
}
@article{perry_2016_functions,
  title={The functions of long noncoding RNAs in development and stem cells},
  author={Perry, Rotem Ben-Tov and Ulitsky, Igor},
  journal={Development},
  volume={143},
  number={21},
  pages={3882--3894},
  year={2016},
  publisher={The Company of Biologists Ltd}
}
@article{gao_2020_reverse_genetics,
  title={Reverse-genetics studies of lncRNAs—what we have learnt and paths forward},
  author={Gao, Fan and Cai, Ye and Kapranov, Philipp and Xu, Dongyang},
  journal={Genome biology},
  volume={21},
  number={1},
  pages={1--23},
  year={2020},
  publisher={BioMed Central}
}
@incollection{morelli_2021_crispr,
  title={CRISPR Interference (CRISPRi) and CRISPR Activation (CRISPRa) to Explore the Oncogenic lncRNA Network},
  author={Morelli, Eugenio and Gulla, Annamaria and Amodio, Nicola and Taiana, Elisa and Neri, Antonino and Fulciniti, Mariateresa and Munshi, Nikhil C},
  booktitle={Long Non-Coding RNAs in Cancer},
  pages={189--204},
  year={2021},
  publisher={Springer}
}
@article{clemson_2009_neat1,
  title={An architectural role for a nuclear noncoding RNA: NEAT1 RNA is essential for the structure of paraspeckles},
  author={Clemson, Christine M and Hutchinson, John N and Sara, Sergio A and Ensminger, Alexander W and Fox, Archa H and Chess, Andrew and Lawrence, Jeanne B},
  journal={Molecular cell},
  volume={33},
  number={6},
  pages={717--726},
  year={2009},
  publisher={Elsevier}
}
@article{khaitan_2011_spry4-it1,
  title={The melanoma-upregulated long noncoding RNA SPRY4-IT1 modulates apoptosis and invasion},
  author={Khaitan, Divya and Dinger, Marcel E and Mazar, Joseph and Crawford, Joanna and Smith, Martin A and Mattick, John S and Perera, Ranjan J},
  journal={Cancer research},
  volume={71},
  number={11},
  pages={3852--3862},
  year={2011},
  publisher={AACR}
}
@article{meng_2018_dgcr5,
  title={The DGCR5 long noncoding RNA may regulate expression of several schizophrenia-related genes},
  author={Meng, Qingtuan and Wang, Kangli and Brunetti, Tonya and Xia, Yan and Jiao, Chuan and Dai, Rujia and Fitzgerald, Dominic and Thomas, Amber and Jay, Lindsey and Eckart, Heather and others},
  journal={Science translational medicine},
  volume={10},
  number={472},
  year={2018},
  publisher={American Association for the Advancement of Science}
}
@article{stojic_2018_specificity,
  title={Specificity of RNAi, LNA and CRISPRi as loss-of-function methods in transcriptional analysis},
  author={Stojic, Lovorka and Lun, Aaron T L and Mangei, Jasmin and Mascalchi, Patrice and Quarantotti, Valentina and Barr, Alexis R and Bakal, Chris and Marioni, John C and Gergely, Fanni and Odom, Duncan T},
  journal={Nucleic acids research},
  volume={46},
  number={12},
  pages={5950--5966},
  year={2018},
  publisher={Oxford University Press}
}
@article{jinek_2012_crispr,
  title={A programmable dual-RNA--guided DNA endonuclease in adaptive bacterial immunity},
  author={Jinek, Martin and Chylinski, Krzysztof and Fonfara, Ines and Hauer, Michael and Doudna, Jennifer A and Charpentier, Emmanuelle},
  journal={science},
  volume={337},
  number={6096},
  pages={816--821},
  year={2012},
  publisher={American Association for the Advancement of Science}
}
@article{cong_2013_crispr,
  title={Multiplex genome engineering using CRISPR/Cas systems},
  author={Cong, Le and Ran, F Ann and Cox, David and Lin, Shuailiang and Barretto, Robert and Habib, Naomi and Hsu, Patrick D and Wu, Xuebing and Jiang, Wenyan and Marraffini, Luciano A and others},
  journal={Science},
  volume={339},
  number={6121},
  pages={819--823},
  year={2013},
  publisher={American Association for the Advancement of Science}
}
@article{mali_2013_crispr,
  title={RNA-guided human genome engineering via Cas9},
  author={Mali, Prashant and Yang, Luhan and Esvelt, Kevin M and Aach, John and Guell, Marc and DiCarlo, James E and Norville, Julie E and Church, George M},
  journal={Science},
  volume={339},
  number={6121},
  pages={823--826},
  year={2013},
  publisher={American Association for the Advancement of Science}
}
@article{gilbert_2013_crispri,
  title={CRISPR-mediated modular RNA-guided regulation of transcription in eukaryotes},
  author={Gilbert, Luke A and Larson, Matthew H and Morsut, Leonardo and Liu, Zairan and Brar, Gloria A and Torres, Sandra E and Stern-Ginossar, Noam and Brandman, Onn and Whitehead, Evan H and Doudna, Jennifer A and others},
  journal={Cell},
  volume={154},
  number={2},
  pages={442--451},
  year={2013},
  publisher={Elsevier}
}
@article{maeder_2013_crispra,
  title={CRISPR RNA--guided activation of endogenous human genes},
  author={Maeder, Morgan L and Linder, Samantha J and Cascio, Vincent M and Fu, Yanfang and Ho, Quan H and Joung, J Keith},
  journal={Nature methods},
  volume={10},
  number={10},
  pages={977--979},
  year={2013},
  publisher={Nature Publishing Group}
}
@article{konermann_2015_crispra,
  title={Genome-scale transcriptional activation by an engineered CRISPR-Cas9 complex},
  author={Konermann, Silvana and Brigham, Mark D and Trevino, Alexandro E and Joung, Julia and Abudayyeh, Omar O and Barcena, Clea and Hsu, Patrick D and Habib, Naomi and Gootenberg, Jonathan S and Nishimasu, Hiroshi and others},
  journal={Nature},
  volume={517},
  number={7536},
  pages={583--588},
  year={2015},
  publisher={Nature Publishing Group}
}
@article{qi_2013_crispr,
  title={Repurposing CRISPR as an RNA-guided platform for sequence-specific control of gene expression},
  author={Qi, Lei S and Larson, Matthew H and Gilbert, Luke A and Doudna, Jennifer A and Weissman, Jonathan S and Arkin, Adam P and Lim, Wendell A},
  journal={Cell},
  volume={152},
  number={5},
  pages={1173--1183},
  year={2013},
  publisher={Elsevier}
}
@article{larson_2013_crispri,
  title={CRISPR interference (CRISPRi) for sequence-specific control of gene expression},
  author={Larson, Matthew H and Gilbert, Luke A and Wang, Xiaowo and Lim, Wendell A and Weissman, Jonathan S and Qi, Lei S},
  journal={Nature protocols},
  volume={8},
  number={11},
  pages={2180--2196},
  year={2013},
  publisher={Nature Publishing Group}
}
@article{guo_2021_cas13,
  title={Transcriptome-wide Cas13 guide RNA design for model organisms and viral RNA pathogens},
  author={Guo, Xinyi and Rahman, Jahan A and Wessels, Hans-Hermann and M{\'e}ndez-Mancilla, Alejandro and Haro, Daniel and Chen, Xinru and Sanjana, Neville E},
  journal={Cell Genomics},
  pages={100001},
  year={2021},
  publisher={Elsevier}
}
@article{abudayyeh_2016_cas13,
  title={C2c2 is a single-component programmable RNA-guided RNA-targeting CRISPR effector},
  author={Abudayyeh, Omar O and Gootenberg, Jonathan S and Konermann, Silvana and Joung, Julia and Slaymaker, Ian M and Cox, David BT and Shmakov, Sergey and Makarova, Kira S and Semenova, Ekaterina and Minakhin, Leonid and others},
  journal={Science},
  volume={353},
  number={6299},
  year={2016},
  publisher={American Association for the Advancement of Science}
}
@article{nunez_2021_crispr,
  title={Genome-wide programmable transcriptional memory by CRISPR-based epigenome editing},
  author={Nu{\~n}ez, James K and Chen, Jin and Pommier, Greg C and Cogan, J Zachery and Replogle, Joseph M and Adriaens, Carmen and Ramadoss, Gokul N and Shi, Quanming and Hung, King L and Samelson, Avi J and others},
  journal={Cell},
  volume={184},
  number={9},
  pages={2503--2519},
  year={2021},
  publisher={Elsevier}
}
@article{raffeiner_2020_sid_crispr,
  title={An MXD1-derived repressor peptide identifies noncoding mediators of MYC-driven cell proliferation},
  author={Raffeiner, Philipp and Hart, Jonathan R and Garc{\'\i}a-Caballero, Daniel and Bar-Peled, Liron and Weinberg, Marc S and Vogt, Peter K},
  journal={Proceedings of the National Academy of Sciences},
  volume={117},
  number={12},
  pages={6571--6579},
  year={2020},
  publisher={National Acad Sciences}
}
@article{alerasool_2020_crispr_zim3,
  title={An efficient KRAB domain for CRISPRi applications in human cells},
  author={Alerasool, Nader and Segal, Dmitri and Lee, Hunsang and Taipale, Mikko},
  journal={Nature methods},
  volume={17},
  number={11},
  pages={1093--1096},
  year={2020},
  publisher={Nature Publishing Group}
}
@article{le_2019_mecp2_crispr,
  title={Efficient and precise CRISPR/Cas9-mediated MECP2 modifications in human-induced pluripotent stem cells},
  author={Le, Thi Thanh Huong and Tran, Ngoc Tung and Dao, Thi Mai Lan and Nguyen, Dinh Dung and Do, Huy Duong and Ha, Thi Lien and K{\"u}hn, Ralf and Nguyen, Thanh Liem and Rajewsky, Klaus and Chu, Van Trung},
  journal={Frontiers in genetics},
  volume={10},
  pages={625},
  year={2019},
  publisher={Frontiers}
}
@article{nunez_2021_crispr_epigenetics,
  title={Genome-wide programmable transcriptional memory by CRISPR-based epigenome editing},
  author={Nu{\~n}ez, James K and Chen, Jin and Pommier, Greg C and Cogan, J Zachery and Replogle, Joseph M and Adriaens, Carmen and Ramadoss, Gokul N and Shi, Quanming and Hung, King L and Samelson, Avi J and others},
  journal={Cell},
  volume={184},
  number={9},
  pages={2503--2519},
  year={2021},
  publisher={Elsevier}
}
@article{thakore_2015_crispr,
  title={Highly specific epigenome editing by CRISPR-Cas9 repressors for silencing of distal regulatory elements},
  author={Thakore, Pratiksha I and D'ippolito, Anthony M and Song, Lingyun and Safi, Alexias and Shivakumar, Nishkala K and Kabadi, Ami M and Reddy, Timothy E and Crawford, Gregory E and Gersbach, Charles A},
  journal={Nature methods},
  volume={12},
  number={12},
  pages={1143--1149},
  year={2015},
  publisher={Nature Publishing Group}
}
@article{signal_2016_computational,
  title={Computational approaches for functional prediction and characterisation of long noncoding RNAs},
  author={Signal, Bethany and Gloss, Brian S and Dinger, Marcel E},
  journal={Trends in Genetics},
  volume={32},
  number={10},
  pages={620--637},
  year={2016},
  publisher={Elsevier}
}
@book{rao_2017_lncRNA_biology,
  title={Long Non Coding RNA Biology},
  author={Rao, Manchanahalli Rangaswamy Satyanarayana},
  volume={1008},
  year={2017},
  publisher={Springer}
}
@article{tattikota_2020_CG42259,
  title={A single-cell survey of Drosophila blood},
  author={Tattikota, Sudhir Gopal and Cho, Bumsik and Liu, Yifang and Hu, Yanhui and Barrera, Victor and Steinbaugh, Michael J and Yoon, Sang-Ho and Comjean, Aram and Li, Fangge and Dervis, Franz and others},
  journal={Elife},
  volume={9},
  pages={e54818},
  year={2020},
  publisher={eLife Sciences Publications Limited}
}
@article{bryzghalov_2021_lncevo,
  title={lncEvo: automated identification and conservation study of long noncoding RNAs},
  author={Bryzghalov, Oleksii and Maka{\l}owska, Izabela and Szcze{\'s}niak, Micha{\l} Wojciech},
  journal={BMC bioinformatics},
  volume={22},
  number={1},
  pages={1--14},
  year={2021},
  publisher={Springer}
}
@article{sims_2014_sequencing,
  title={Sequencing depth and coverage: key considerations in genomic analyses},
  author={Sims, David and Sudbery, Ian and Ilott, Nicholas E and Heger, Andreas and Ponting, Chris P},
  journal={Nature Reviews Genetics},
  volume={15},
  number={2},
  pages={121--132},
  year={2014},
  publisher={Nature Publishing Group}
}
@inproceedings{zhao_2011_optimizing,
  title={Optimizing de novo transcriptome assembly from short-read RNA-Seq data: a comparative study},
  author={Zhao, Qiong-Yi and Wang, Yi and Kong, Yi-Meng and Luo, Da and Li, Xuan and Hao, Pei},
  booktitle={BMC bioinformatics},
  volume={12},
  number={14},
  pages={1--12},
  year={2011},
  organization={Springer}
}
@article{carlevaro_2019_lncompare,
  title={LnCompare: gene set feature analysis for human long non-coding RNAs},
  author={Carlevaro-Fita, Joana and Liu, Leibo and Zhou, Yuan and Zhang, Shan and Chouvardas, Panagiotis and Johnson, Rory and Li, Jianwei},
  journal={Nucleic acids research},
  volume={47},
  number={W1},
  pages={W523--W529},
  year={2019},
  publisher={Oxford University Press}
}

